fill_id,trade_id,order_id,ticker,market_ticker,side,action,count,price,yes_price,no_price,yes_price_fixed,no_price_fixed,is_taker,client_order_id,created_time,ts
851b4633-1057-7cac-37ac-5f4de666ac90,851b4633-1057-7cac-37ac-5f4de666ac90,1f33d250-f3d4-4ed0-aa1c-f397b973eb2e,KXBTC15M-26JAN162345-45,KXBTC15M-26JAN162345-45,no,sell,5,0.03,3,97,0.0300,0.9700,True,,2026-01-17T04:43:22.022925Z,1768625002
46755b03-1e6a-420d-b473-46218e9a3fcb,46755b03-1e6a-420d-b473-46218e9a3fcb,0a77f296-844f-4022-8e3c-c8fc006ab576,KXBTC15M-26JAN162345-45,KXBTC15M-26JAN162345-45,yes,buy,1,0.18,18,82,0.1800,0.8200,True,,2026-01-17T04:36:06.463791Z,1768624566
8f7c2375-c0ea-4c3c-d651-76d9e7fe6122,8f7c2375-c0ea-4c3c-d651-76d9e7fe6122,99824932-8c51-4008-94e3-3c623445f2e0,KXBTC15M-26JAN162345-45,KXBTC15M-26JAN162345-45,yes,buy,1,0.18,18,82,0.1800,0.8200,True,,2026-01-17T04:35:58.206085Z,1768624558
bac61c98-44a9-7b39-40dc-d476beba9a20,bac61c98-44a9-7b39-40dc-d476beba9a20,aaabecd8-2ca8-4c5f-bdcc-eb6cfda9cc07,KXBTC15M-26JAN162345-45,KXBTC15M-26JAN162345-45,yes,buy,1,0.18,18,82,0.1800,0.8200,True,,2026-01-17T04:35:41.554006Z,1768624541
21a323ac-16c3-4980-f92f-2cbbe987180d,21a323ac-16c3-4980-f92f-2cbbe987180d,b8032aea-6e67-40d3-9be9-0bbcb7c03008,KXBTC15M-26JAN162345-45,KXBTC15M-26JAN162345-45,yes,buy,1,0.2,20,80,0.2000,0.8000,True,,2026-01-17T04:35:34.042346Z,1768624534
1b551b1c-e965-5cfa-48b8-d0ec6c8b09cc,1b551b1c-e965-5cfa-48b8-d0ec6c8b09cc,562f5ac7-e514-4425-b380-ae1201405acd,KXBTC15M-26JAN162345-45,KXBTC15M-26JAN162345-45,yes,buy,1,0.23,23,77,0.2300,0.7700,True,,2026-01-17T04:35:12.457351Z,1768624512
ce2f3693-b16a-4846-abad-243ceb51726f,ce2f3693-b16a-4846-abad-243ceb51726f,13517a5c-3039-4122-81db-d649ef30119e,KXBTC15M-26JAN162330-30,KXBTC15M-26JAN162330-30,no,sell,5,0.05,5,95,0.0500,0.9500,True,,2026-01-17T04:28:02.456172Z,1768624082
85de841d-7ddf-613d-dffb-403d69f9a35f,85de841d-7ddf-613d-dffb-403d69f9a35f,75fee8a5-5ab5-4b26-9ca3-2ad37f138821,KXBTC15M-26JAN162330-30,KXBTC15M-26JAN162330-30,yes,buy,1,0.23,23,77,0.2300,0.7700,True,,2026-01-17T04:16:39.017846Z,1768623399
9ddf4787-8c6c-4d67-7f13-b503a09ea801,9ddf4787-8c6c-4d67-7f13-b503a09ea801,0698d14d-0b27-42bf-bbaf-084a4efbe1cd,KXBTC15M-26JAN162330-30,KXBTC15M-26JAN162330-30,yes,buy,1,0.21,21,79,0.2100,0.7900,True,,2026-01-17T04:16:31.64564Z,1768623391
32810037-9fb4-5703-2f02-f616feeccfde,32810037-9fb4-5703-2f02-f616feeccfde,bca1564c-4802-44d1-a5c2-3334fad2dd56,KXBTC15M-26JAN162330-30,KXBTC15M-26JAN162330-30,yes,buy,2,0.2,20,80,0.2000,0.8000,True,,2026-01-17T04:16:19.353672Z,1768623379
bd5c84a0-f37b-5985-de78-248bf29faab5,bd5c84a0-f37b-5985-de78-248bf29faab5,8ccf78f9-bfca-442f-9a88-1b249b642998,KXBTC15M-26JAN162330-30,KXBTC15M-26JAN162330-30,yes,buy,1,0.21,21,79,0.2100,0.7900,True,,2026-01-17T04:16:08.873199Z,1768623368
26a6f1ad-784b-7027-ee3d-22c9e7c443b3,26a6f1ad-784b-7027-ee3d-22c9e7c443b3,da089669-eba8-4d3c-979e-dfddf0d97765,KXBTC15M-26JAN162315-15,KXBTC15M-26JAN162315-15,yes,buy,2,0.11,11,89,0.1100,0.8900,True,,2026-01-17T04:07:44.07595Z,1768622864
528b638e-86e8-53d3-57eb-8ffcc7e15d17,528b638e-86e8-53d3-57eb-8ffcc7e15d17,43598b4a-5819-44cd-bebc-77d2c9bf7b6c,KXBTC15M-26JAN162315-15,KXBTC15M-26JAN162315-15,yes,buy,1,0.13,13,87,0.1300,0.8700,True,,2026-01-17T04:07:28.80654Z,1768622848
c5c81d97-1282-5b66-cc8e-e4c839fd50a4,c5c81d97-1282-5b66-cc8e-e4c839fd50a4,bb332c0e-7cb7-4612-9c26-da6568f500d0,KXBTC15M-26JAN162315-15,KXBTC15M-26JAN162315-15,yes,buy,1,0.11,11,89,0.1100,0.8900,True,,2026-01-17T04:07:20.717539Z,1768622840
be493ea8-1637-5503-9d62-36906651175c,be493ea8-1637-5503-9d62-36906651175c,ff590fed-ad31-4699-8786-b064a5b6442b,KXBTC15M-26JAN162315-15,KXBTC15M-26JAN162315-15,yes,buy,1,0.12,12,88,0.1200,0.8800,True,,2026-01-17T04:07:12.995516Z,1768622832
3864ca08-ca99-47c7-d1ce-1142b5cc2e1d,3864ca08-ca99-47c7-d1ce-1142b5cc2e1d,ab3806ce-dff6-4265-97d8-f92c0e3274ab,KXBTC15M-26JAN162300-00,KXBTC15M-26JAN162300-00,no,buy,1,0.88,88,12,0.8800,0.1200,True,,2026-01-17T03:52:04.112921Z,1768621924
b9b3c55d-43d5-4ddb-db76-34cdfaec2755,b9b3c55d-43d5-4ddb-db76-34cdfaec2755,0b4dc51b-bda5-40e2-9576-f04fddfa76f9,KXBTC15M-26JAN162300-00,KXBTC15M-26JAN162300-00,no,buy,1,0.88,88,12,0.8800,0.1200,True,,2026-01-17T03:51:48.846472Z,1768621908
3c458960-9514-4fea-457c-610899ddf0f5,3c458960-9514-4fea-457c-610899ddf0f5,f16528f9-eb55-4002-b138-6d9ee3c08c33,KXBTC15M-26JAN162300-00,KXBTC15M-26JAN162300-00,no,buy,2,0.9,90,10,0.9000,0.1000,True,,2026-01-17T03:51:29.40667Z,1768621889
145bd54b-d810-7c8b-50d3-b3bc99982e2c,145bd54b-d810-7c8b-50d3-b3bc99982e2c,133882bf-9ef4-4c83-b553-caf73fa9131e,KXBTC15M-26JAN162300-00,KXBTC15M-26JAN162300-00,no,buy,1,0.48,48,52,0.4800,0.5200,True,,2026-01-17T03:47:04.363419Z,1768621624
09c1d71c-31e8-600b-ef67-a0994d3fbe69,09c1d71c-31e8-600b-ef67-a0994d3fbe69,03e0f207-87e6-4801-907c-b4963ea581e8,KXBTC15M-26JAN162245-45,KXBTC15M-26JAN162245-45,no,buy,1,0.42,42,58,0.4200,0.5800,True,,2026-01-17T03:32:10.166678Z,1768620730
ac2fb0b4-f547-4d77-f69d-5bd395ae55c7,ac2fb0b4-f547-4d77-f69d-5bd395ae55c7,fcd08416-dbe2-415c-9996-457776185a69,KXBTC15M-26JAN162245-45,KXBTC15M-26JAN162245-45,no,buy,1,0.43,43,57,0.4300,0.5700,True,,2026-01-17T03:31:59.956971Z,1768620719
56ab31f7-3520-7ae3-65eb-d86c263318ee,56ab31f7-3520-7ae3-65eb-d86c263318ee,aa32681e-e09d-4f04-bee1-d74fffa5a33b,KXBTC15M-26JAN162245-45,KXBTC15M-26JAN162245-45,no,buy,1,0.44,44,56,0.4400,0.5600,True,,2026-01-17T03:31:49.689521Z,1768620709
94fc8681-b872-730b-afc4-5d79bcec0697,94fc8681-b872-730b-afc4-5d79bcec0697,6d8689bb-b7ca-4c85-8ade-55049fd1be24,KXBTC15M-26JAN162245-45,KXBTC15M-26JAN162245-45,no,buy,2,0.52,52,48,0.5200,0.4800,True,,2026-01-17T03:31:39.316378Z,1768620699
4887c8f9-7f89-76dd-73b2-c8f0bcf5e9aa,4887c8f9-7f89-76dd-73b2-c8f0bcf5e9aa,bfa4ada3-d808-4f37-b920-16f4ffd67dd8,KXBTC15M-26JAN162230-30,KXBTC15M-26JAN162230-30,no,buy,1,0.44,44,56,0.4400,0.5600,True,,2026-01-17T03:17:30.434345Z,1768619850
6013c49f-dbd9-69e9-e7fa-829a4cd6a1dd,6013c49f-dbd9-69e9-e7fa-829a4cd6a1dd,c947ffe4-78f4-4a79-9aff-763657707186,KXBTC15M-26JAN162230-30,KXBTC15M-26JAN162230-30,no,buy,1,0.44,44,56,0.4400,0.5600,True,,2026-01-17T03:17:22.176874Z,1768619842
4f7a7bed-05e2-4c0f-aa63-888534624d2f,4f7a7bed-05e2-4c0f-aa63-888534624d2f,e388c57c-3f44-4338-88fe-92e297507458,KXBTC15M-26JAN162215-15,KXBTC15M-26JAN162215-15,yes,buy,1,0.17,17,83,0.1700,0.8300,True,,2026-01-17T03:04:48.293976Z,1768619088
aa6533a0-ec73-43e7-310d-8f2946e1af8c,aa6533a0-ec73-43e7-310d-8f2946e1af8c,e9381366-0d4e-423e-aef3-d0bdef589078,KXBTC15M-26JAN162215-15,KXBTC15M-26JAN162215-15,yes,buy,1,0.17,17,83,0.1700,0.8300,True,,2026-01-17T03:04:30.132555Z,1768619070
72030840-5482-5267-442b-e32b299837af,72030840-5482-5267-442b-e32b299837af,aec8c376-fea0-44ed-b354-4e48259a0a3a,KXBTC15M-26JAN162215-15,KXBTC15M-26JAN162215-15,yes,buy,1,0.17,17,83,0.1700,0.8300,True,,2026-01-17T03:04:22.271673Z,1768619062
8640b90b-034d-6f2a-f018-e0d9484dbd09,8640b90b-034d-6f2a-f018-e0d9484dbd09,ddd309eb-34e2-4a57-9496-d501c65bd714,KXBTC15M-26JAN162215-15,KXBTC15M-26JAN162215-15,yes,buy,1,0.17,17,83,0.1700,0.8300,True,,2026-01-17T03:04:14.0471Z,1768619054
b01fc976-f08f-5935-fc27-5ba8c45c1d5a,b01fc976-f08f-5935-fc27-5ba8c45c1d5a,da3a0981-b861-47a8-9b4e-8f55b0604965,KXBTC15M-26JAN162215-15,KXBTC15M-26JAN162215-15,yes,buy,1,0.21,21,79,0.2100,0.7900,True,,2026-01-17T03:03:44.589435Z,1768619024
2c9236f2-d29a-7dcf-1152-cf4db193756a,2c9236f2-d29a-7dcf-1152-cf4db193756a,a34a3642-1cfc-4ceb-a6ac-e246847c38ab,KXBTC15M-26JAN162200-00,KXBTC15M-26JAN162200-00,yes,buy,1,0.3,30,70,0.3000,0.7000,True,,2026-01-17T02:46:49.712025Z,1768618009
fe1338f1-9935-540a-c11d-d30a6d181207,fe1338f1-9935-540a-c11d-d30a6d181207,020c4230-8a1e-473d-972d-65e0eca4e952,KXBTC15M-26JAN162145-45,KXBTC15M-26JAN162145-45,yes,sell,2,0.92,92,8,0.9200,0.0800,True,,2026-01-17T02:43:21.10382Z,1768617801
77e81d06-b353-7beb-830d-7c2c66a764cb,77e81d06-b353-7beb-830d-7c2c66a764cb,3d268c39-44d5-4def-8982-691f7ece53c4,KXBTC15M-26JAN162145-45,KXBTC15M-26JAN162145-45,yes,sell,3,0.9,90,10,0.9000,0.1000,True,,2026-01-17T02:43:09.18302Z,1768617789
1bc1917a-993f-61d4-cf4b-5bf3d8327658,1bc1917a-993f-61d4-cf4b-5bf3d8327658,51201f6a-cef5-495f-9a8a-3a01d33e7514,KXBTC15M-26JAN162145-45,KXBTC15M-26JAN162145-45,no,buy,1,0.85,85,15,0.8500,0.1500,True,,2026-01-17T02:40:14.276985Z,1768617614
b727eb9b-5c98-7eda-5821-59c7c167f31a,b727eb9b-5c98-7eda-5821-59c7c167f31a,cf84d313-dd90-4ee9-bdcb-b16a5e7d8226,KXBTC15M-26JAN162145-45,KXBTC15M-26JAN162145-45,no,buy,1,0.7,70,30,0.7000,0.3000,True,,2026-01-17T02:39:47.92354Z,1768617587
110e9117-dfc4-7166-9037-b6bc7eefa757,110e9117-dfc4-7166-9037-b6bc7eefa757,a2ade49f-7492-4efc-8f2c-a4bd724e50a9,KXBTC15M-26JAN162145-45,KXBTC15M-26JAN162145-45,no,buy,1,0.69,69,31,0.6900,0.3100,True,,2026-01-17T02:39:38.313812Z,1768617578
fdc60190-7546-6f10-15a3-6c2c3fc8bb78,fdc60190-7546-6f10-15a3-6c2c3fc8bb78,b5367cd8-f405-49a8-a57f-1b09ce21b56e,KXBTC15M-26JAN162145-45,KXBTC15M-26JAN162145-45,no,buy,1,0.3,30,70,0.3000,0.7000,True,,2026-01-17T02:31:23.76422Z,1768617083
11de82f6-fb2a-51b9-8c7e-9fa1447f9a52,11de82f6-fb2a-51b9-8c7e-9fa1447f9a52,9dc665f7-373c-44e2-84e6-320b5d228465,KXBTC15M-26JAN162145-45,KXBTC15M-26JAN162145-45,no,buy,1,0.41,41,59,0.4100,0.5900,True,,2026-01-17T02:31:07.246763Z,1768617067
8b75bfe3-3ca3-5421-24b0-cbc50e74cdec,8b75bfe3-3ca3-5421-24b0-cbc50e74cdec,6d9ed148-4e67-448c-a4d2-d3d8fbe4d1f5,KXBTC15M-26JAN162130-30,KXBTC15M-26JAN162130-30,no,buy,1,0.53,53,47,0.5300,0.4700,True,,2026-01-17T02:18:13.39128Z,1768616293
65786eac-a46a-72c9-1264-6b86d1f0567d,65786eac-a46a-72c9-1264-6b86d1f0567d,019e3c22-f25e-4ec4-ab2d-877c68d5b849,KXBTC15M-26JAN162130-30,KXBTC15M-26JAN162130-30,no,buy,1,0.47,47,53,0.4700,0.5300,True,,2026-01-17T02:16:57.323275Z,1768616217
eaaee66e-4c9e-482d-4ae1-bdf457b9ac8d,eaaee66e-4c9e-482d-4ae1-bdf457b9ac8d,626b9e12-4863-407d-bd0c-f2e0c947c6f5,KXBTC15M-26JAN162130-30,KXBTC15M-26JAN162130-30,no,buy,1,0.47,47,53,0.4700,0.5300,True,,2026-01-17T02:16:48.993795Z,1768616208
1c940537-320c-6bc3-ea1d-5c5bb472c035,1c940537-320c-6bc3-ea1d-5c5bb472c035,896b6dfb-9073-48bd-9686-89c64ac555d5,KXBTC15M-26JAN162130-30,KXBTC15M-26JAN162130-30,no,buy,1,0.46,46,54,0.4600,0.5400,True,,2026-01-17T02:16:38.797111Z,1768616198
85863d9a-c300-6ca5-58eb-c0e70bc2a444,85863d9a-c300-6ca5-58eb-c0e70bc2a444,0ea53f22-64d4-4b33-b245-6fe469e1094c,KXBTC15M-26JAN162130-30,KXBTC15M-26JAN162130-30,no,buy,1,0.45,45,55,0.4500,0.5500,True,,2026-01-17T02:16:16.914027Z,1768616176
6e7be619-9471-5b1c-bddd-1050f851a31a,6e7be619-9471-5b1c-bddd-1050f851a31a,904331f2-2f5a-46c8-8fa4-28247d837e79,KXBTC15M-26JAN162115-15,KXBTC15M-26JAN162115-15,no,buy,1,0.3,30,70,0.3000,0.7000,True,,2026-01-17T02:03:49.616448Z,1768615429
4989adb7-5574-6232-5b17-a1b6d55f9422,4989adb7-5574-6232-5b17-a1b6d55f9422,6a95eb20-2def-4b67-b7b1-70dfd809c2aa,KXBTC15M-26JAN162115-15,KXBTC15M-26JAN162115-15,no,buy,1,0.4,40,60,0.4000,0.6000,True,,2026-01-17T02:02:09.63368Z,1768615329
d6e5dafb-0258-6c81-b04f-903ef67ddbb1,d6e5dafb-0258-6c81-b04f-903ef67ddbb1,39fc3b28-04eb-48a5-857e-5607afd2994f,KXBTC15M-26JAN162115-15,KXBTC15M-26JAN162115-15,no,buy,2,0.5,50,50,0.5000,0.5000,True,,2026-01-17T02:01:59.435974Z,1768615319
d53d9781-b688-5199-96fb-95f5c276b6c5,d53d9781-b688-5199-96fb-95f5c276b6c5,f90a2876-a9df-47e3-8cd3-577562d04212,KXBTC15M-26JAN162115-15,KXBTC15M-26JAN162115-15,no,buy,1,0.5,50,50,0.5000,0.5000,True,,2026-01-17T02:01:47.336667Z,1768615307
bf89acf3-ac7a-536c-02c8-c1908ea6d3db,bf89acf3-ac7a-536c-02c8-c1908ea6d3db,5fa92187-0519-47d7-ac52-292476b6c6fa,KXBTC15M-26JAN162100-00,KXBTC15M-26JAN162100-00,yes,sell,5,0.08,8,92,0.0800,0.9200,True,,2026-01-17T01:58:52.23593Z,1768615132
92863926-f4a8-4daa-0d79-a843b0b968dd,92863926-f4a8-4daa-0d79-a843b0b968dd,35f15c00-36ba-40a7-a391-fa89d02d6225,KXBTC15M-26JAN162100-00,KXBTC15M-26JAN162100-00,no,buy,1,0.68,68,32,0.6800,0.3200,True,,2026-01-17T01:49:43.729598Z,1768614583
44391dbc-f01c-5472-836e-fb8bfbd44885,44391dbc-f01c-5472-836e-fb8bfbd44885,c05e9526-b797-46d1-8014-2e7bc2f62a33,KXBTC15M-26JAN162100-00,KXBTC15M-26JAN162100-00,no,buy,1,0.68,68,32,0.6800,0.3200,True,,2026-01-17T01:49:34.306637Z,1768614574
5a4c9ebc-d6f2-4a13-1118-d8f24b20df70,5a4c9ebc-d6f2-4a13-1118-d8f24b20df70,5e0a7646-4f4c-41e9-aed2-df1eb594b2b8,KXBTC15M-26JAN162100-00,KXBTC15M-26JAN162100-00,no,buy,1,0.62,62,38,0.6200,0.3800,True,,2026-01-17T01:48:47.28254Z,1768614527
8052a4a8-a541-797c-f4dc-6d618c457cba,8052a4a8-a541-797c-f4dc-6d618c457cba,3ad04df3-44e2-4e8d-9307-fe6d576965c5,KXBTC15M-26JAN162100-00,KXBTC15M-26JAN162100-00,no,buy,1,0.5,50,50,0.5000,0.5000,True,,2026-01-17T01:46:18.109633Z,1768614378
c71b34d1-6b2d-5c74-1dda-6b4ec2a9aab6,c71b34d1-6b2d-5c74-1dda-6b4ec2a9aab6,ab0229ed-3779-47cf-a946-7fe684d25046,KXBTC15M-26JAN162100-00,KXBTC15M-26JAN162100-00,no,buy,1,0.5,50,50,0.5000,0.5000,True,,2026-01-17T01:46:07.048027Z,1768614367
ff1d5e7e-f00b-726b-fd91-cdec2be0275e,ff1d5e7e-f00b-726b-fd91-cdec2be0275e,c939a70b-4cc8-4ef9-95d5-54b224102f53,KXBTC15M-26JAN162045-45,KXBTC15M-26JAN162045-45,no,buy,1,0.55,55,45,0.5500,0.4500,True,,2026-01-17T01:36:38.838732Z,1768613798
ea266c5a-5355-464f-da9b-57e8ed758962,ea266c5a-5355-464f-da9b-57e8ed758962,de16010d-7cc3-40d2-9c0a-998b78ba2e85,KXBTC15M-26JAN162045-45,KXBTC15M-26JAN162045-45,no,buy,1,0.64,64,36,0.6400,0.3600,True,,2026-01-17T01:36:26.528412Z,1768613786
fb92e966-7881-7d96-f1e9-a5a2fdd0fe34,fb92e966-7881-7d96-f1e9-a5a2fdd0fe34,c102a146-2fb8-4fd4-9b93-ecc4e98de24f,KXBTC15M-26JAN162030-30,KXBTC15M-26JAN162030-30,yes,buy,2,0.9,90,10,0.9000,0.1000,True,,2026-01-17T01:28:18.150183Z,1768613298
22afa14f-af49-4088-d40c-cb761c787ef0,22afa14f-af49-4088-d40c-cb761c787ef0,4c716c28-78c1-404c-9bef-c56d8c3fc9ad,KXBTC15M-26JAN162030-30,KXBTC15M-26JAN162030-30,yes,sell,5,0.88,88,12,0.8800,0.1200,True,,2026-01-17T01:28:09.118809Z,1768613289
c083d0ce-7126-537e-cc66-9f3cbe2f6e0d,c083d0ce-7126-537e-cc66-9f3cbe2f6e0d,e42b497c-f794-4560-94ec-0c0fc080b083,KXBTC15M-26JAN162030-30,KXBTC15M-26JAN162030-30,no,buy,1,0.82,82,18,0.8200,0.1800,True,,2026-01-17T01:21:28.148621Z,1768612888
01fa2b18-dbb0-7227-3a6d-dc9fbc235a72,01fa2b18-dbb0-7227-3a6d-dc9fbc235a72,46ea3bd3-1c1c-4fb8-a1c4-1b73e70f5c8b,KXBTC15M-26JAN162030-30,KXBTC15M-26JAN162030-30,no,buy,1,0.81,81,19,0.8100,0.1900,True,,2026-01-17T01:21:19.210802Z,1768612879
8c4579ae-07bc-7a6e-8719-c4baba67b480,8c4579ae-07bc-7a6e-8719-c4baba67b480,59a739ce-8387-4ca3-8483-ffa6179638ab,KXBTC15M-26JAN162030-30,KXBTC15M-26JAN162030-30,no,buy,1,0.68,68,32,0.6800,0.3200,True,,2026-01-17T01:20:26.575448Z,1768612826
a12ad168-e34e-5173-c692-f67eb759aa14,a12ad168-e34e-5173-c692-f67eb759aa14,f185609f-399a-47f1-9904-aad81a7ea35d,KXBTC15M-26JAN162030-30,KXBTC15M-26JAN162030-30,no,buy,1,0.67,67,33,0.6700,0.3300,True,,2026-01-17T01:20:18.639505Z,1768612818
5289d2d9-36fb-5366-8f11-a15e1c99568a,5289d2d9-36fb-5366-8f11-a15e1c99568a,3f105a94-1b6d-45b3-8bc3-d072968ebb25,KXBTC15M-26JAN162030-30,KXBTC15M-26JAN162030-30,no,buy,1,0.66,66,34,0.6600,0.3400,True,,2026-01-17T01:19:00.204613Z,1768612740
06b86db0-4fde-6313-55df-e71ad9455ae2,06b86db0-4fde-6313-55df-e71ad9455ae2,01bacc41-f08d-4b66-bd1c-9e57c7c957ea,KXBTC15M-26JAN162015-15,KXBTC15M-26JAN162015-15,no,buy,1,0.63,63,37,0.6300,0.3700,True,,2026-01-17T01:05:08.587264Z,1768611908
d2fb26ea-8d61-7779-2d6d-a48c239fe1cf,d2fb26ea-8d61-7779-2d6d-a48c239fe1cf,580ee873-46a0-4cd3-ad40-469fc024019a,KXBTC15M-26JAN162015-15,KXBTC15M-26JAN162015-15,no,buy,1,0.65,65,35,0.6500,0.3500,True,,2026-01-17T01:04:59.349222Z,1768611899
110cdae7-7f59-517d-659c-bcee8fed65a2,110cdae7-7f59-517d-659c-bcee8fed65a2,c8458fef-e482-47ee-b5c9-f3bb77cef655,KXBTC15M-26JAN162015-15,KXBTC15M-26JAN162015-15,no,buy,1,0.69,69,31,0.6900,0.3100,True,,2026-01-17T01:04:46.95089Z,1768611886
292efe1e-9629-7edd-bac6-ebc23666428f,292efe1e-9629-7edd-bac6-ebc23666428f,a6fb9e4e-4072-4eba-88aa-954c455a694a,KXBTC15M-26JAN162015-15,KXBTC15M-26JAN162015-15,no,buy,1,0.65,65,35,0.6500,0.3500,True,,2026-01-17T01:04:36.494834Z,1768611876
4ae93fdc-450c-47f2-74dc-96ac07d9dbd6,4ae93fdc-450c-47f2-74dc-96ac07d9dbd6,d8badb7e-a47a-4241-bdf7-68c7d43e64bf,KXBTC15M-26JAN162015-15,KXBTC15M-26JAN162015-15,no,buy,1,0.65,65,35,0.6500,0.3500,True,,2026-01-17T01:02:39.147638Z,1768611759
20222af2-e3ad-68a8-09a6-696494886578,20222af2-e3ad-68a8-09a6-696494886578,3b1286f7-c161-4848-a262-387cefc54050,KXBTC15M-26JAN162000-00,KXBTC15M-26JAN162000-00,no,buy,2,0.07,7,93,0.0700,0.9300,True,,2026-01-17T00:58:59.091314Z,1768611539
57a7267b-7024-5411-564a-718298b281d0,57a7267b-7024-5411-564a-718298b281d0,b0f6a99f-57c4-46fc-b5dc-006c78748b36,KXBTC15M-26JAN162000-00,KXBTC15M-26JAN162000-00,no,sell,1,0.1,10,90,0.1000,0.9000,True,,2026-01-17T00:58:41.856821Z,1768611521
8c9cedea-d733-6fd4-b8c5-dfda450dafe1,8c9cedea-d733-6fd4-b8c5-dfda450dafe1,4f72d273-4e87-4a3f-8837-3a49de8a617d,KXBTC15M-26JAN162000-00,KXBTC15M-26JAN162000-00,no,sell,1,0.14,14,86,0.1400,0.8600,True,,2026-01-17T00:58:34.647349Z,1768611514
72035b79-0ed1-4f5a-03ab-bb87d9599c1a,72035b79-0ed1-4f5a-03ab-bb87d9599c1a,b2d797e5-94ef-4208-a5f9-c5a2b993828a,KXBTC15M-26JAN162000-00,KXBTC15M-26JAN162000-00,no,sell,1,0.16,16,84,0.1600,0.8400,True,,2026-01-17T00:58:25.111051Z,1768611505
d5a837c2-5341-58af-ee9e-fb1980ca1f22,d5a837c2-5341-58af-ee9e-fb1980ca1f22,84a4ce83-532b-44dd-992e-49acf6f084fa,KXBTC15M-26JAN162000-00,KXBTC15M-26JAN162000-00,no,sell,1,0.21,21,79,0.2100,0.7900,True,,2026-01-17T00:58:17.526058Z,1768611497
1f1ebd3e-f6b7-660e-f0fd-5ecfc16ac77c,1f1ebd3e-f6b7-660e-f0fd-5ecfc16ac77c,c159ebcb-b308-4b26-9ad4-77ce4f8bec4b,KXBTC15M-26JAN162000-00,KXBTC15M-26JAN162000-00,no,sell,1,0.26,26,74,0.2600,0.7400,True,,2026-01-17T00:58:07.25615Z,1768611487
0b6292d1-0e05-6409-6b93-b09fb277a3ff,0b6292d1-0e05-6409-6b93-b09fb277a3ff,f3d33621-b050-48d1-bb87-ebf37e1ce46c,KXBTC15M-26JAN162000-00,KXBTC15M-26JAN162000-00,yes,buy,1,0.26,26,74,0.2600,0.7400,True,,2026-01-17T00:51:39.361549Z,1768611099
3a7fd204-4c00-4485-a579-e0956818abe6,3a7fd204-4c00-4485-a579-e0956818abe6,3ce6b0b6-aecd-4341-86ff-f27745191f03,KXBTC15M-26JAN162000-00,KXBTC15M-26JAN162000-00,yes,buy,2,0.17,17,83,0.1700,0.8300,True,,2026-01-17T00:51:30.547704Z,1768611090
75f095c4-31d7-58bb-1393-e33aa5f677eb,75f095c4-31d7-58bb-1393-e33aa5f677eb,bf2a3481-85dd-4413-a6d0-6780632655e8,KXBTC15M-26JAN162000-00,KXBTC15M-26JAN162000-00,yes,buy,1,0.35,35,65,0.3500,0.6500,True,,2026-01-17T00:47:17.011881Z,1768610837
ff7c01bd-ab37-6631-c749-1e376f30d99e,ff7c01bd-ab37-6631-c749-1e376f30d99e,44f4fa9b-994b-4b5a-9c33-a024c3e0a34c,KXBTC15M-26JAN162000-00,KXBTC15M-26JAN162000-00,yes,buy,1,0.36,36,64,0.3600,0.6400,True,,2026-01-17T00:46:15.185285Z,1768610775
743953e4-2304-7fd3-66c0-bbdf5747a8bf,743953e4-2304-7fd3-66c0-bbdf5747a8bf,6173047f-787b-4ea7-b4c0-443857735d38,KXBTC15M-26JAN161945-45,KXBTC15M-26JAN161945-45,yes,sell,5,0.8,80,20,0.8000,0.2000,True,,2026-01-17T00:43:03.890427Z,1768610583
b61dfd1e-aa99-517d-994d-c97c8667d7a0,b61dfd1e-aa99-517d-994d-c97c8667d7a0,aefd6ddc-6f09-44b6-8c66-d7b52ce250ea,KXBTC15M-26JAN161945-45,KXBTC15M-26JAN161945-45,no,buy,1,0.33,33,67,0.3300,0.6700,True,,2026-01-17T00:33:49.213242Z,1768610029
a158e950-d195-7f70-5ca2-63c60aa53efd,a158e950-d195-7f70-5ca2-63c60aa53efd,eea5c3f4-62ef-4cbf-be4e-b80aa45a7a25,KXBTC15M-26JAN161945-45,KXBTC15M-26JAN161945-45,no,buy,1,0.42,42,58,0.4200,0.5800,True,,2026-01-17T00:32:01.987239Z,1768609921
86470dfe-1342-6bbc-3a6b-a4513ee44f92,86470dfe-1342-6bbc-3a6b-a4513ee44f92,c83a7e40-a044-4967-a3c2-2b04f8fb082e,KXBTC15M-26JAN161945-45,KXBTC15M-26JAN161945-45,no,buy,1,0.42,42,58,0.4200,0.5800,True,,2026-01-17T00:31:41.173472Z,1768609901
f2c75de9-d93d-5728-7b05-4a1586d5039c,f2c75de9-d93d-5728-7b05-4a1586d5039c,f7a585e3-27ee-44d6-bec0-56465b97b328,KXBTC15M-26JAN161945-45,KXBTC15M-26JAN161945-45,no,buy,1,0.42,42,58,0.4200,0.5800,True,,2026-01-17T00:31:30.824574Z,1768609890
ef6ded26-1ede-5fd8-13b4-490e9b81de83,ef6ded26-1ede-5fd8-13b4-490e9b81de83,b79dd113-84bc-46c1-a421-61e4996aa57b,KXBTC15M-26JAN161945-45,KXBTC15M-26JAN161945-45,no,buy,1,0.51,51,49,0.5100,0.4900,True,,2026-01-17T00:31:08.144869Z,1768609868
309ecf68-db85-6097-6e68-5d5d36446bab,309ecf68-db85-6097-6e68-5d5d36446bab,a0db4437-408a-4bd8-b771-e7f03cca5cc7,KXBTC15M-26JAN161930-30,KXBTC15M-26JAN161930-30,no,buy,1,0.34,34,66,0.3400,0.6600,True,,2026-01-17T00:27:11.847779Z,1768609631
304d389d-8cf9-4527-09e2-ce0ce1d7db04,304d389d-8cf9-4527-09e2-ce0ce1d7db04,4b7cba95-c589-40b3-a937-f432413c17cd,KXBTC15M-26JAN161930-30,KXBTC15M-26JAN161930-30,no,buy,1,0.34,34,66,0.3400,0.6600,True,,2026-01-17T00:27:04.140086Z,1768609624
f8621fe6-ace9-53f7-de00-0695ca0727b0,f8621fe6-ace9-53f7-de00-0695ca0727b0,f977734b-0d8d-4507-9ccf-46140bc828e0,KXBTC15M-26JAN161930-30,KXBTC15M-26JAN161930-30,no,sell,5,0.34,34,66,0.3400,0.6600,True,,2026-01-17T00:27:04.030101Z,1768609624
5b482f0a-4ac0-476a-c75a-cb4398954aab,5b482f0a-4ac0-476a-c75a-cb4398954aab,796bc382-0f6a-4164-9455-c1bc17ccac62,KXBTC15M-26JAN161930-30,KXBTC15M-26JAN161930-30,yes,buy,1,0.2,20,80,0.2000,0.8000,True,,2026-01-17T00:24:01.809954Z,1768609441
942f5034-1c82-4b56-e031-77bd8ade0c73,942f5034-1c82-4b56-e031-77bd8ade0c73,cbf0c8d7-90c2-40de-91ce-0f9f3936fa23,KXBTC15M-26JAN161930-30,KXBTC15M-26JAN161930-30,yes,buy,1,0.22,22,78,0.2200,0.7800,True,,2026-01-17T00:23:49.431039Z,1768609429
2813dbfa-7230-7413-7179-2b2cb2fd7e4b,2813dbfa-7230-7413-7179-2b2cb2fd7e4b,b4f19dce-49e2-4c76-bf9b-b077f5220289,KXBTC15M-26JAN161930-30,KXBTC15M-26JAN161930-30,yes,buy,1,0.32,32,68,0.3200,0.6800,True,,2026-01-17T00:23:07.351047Z,1768609387
4e3f37ef-cf22-7fbc-a1c4-89dbdc060aef,4e3f37ef-cf22-7fbc-a1c4-89dbdc060aef,0d321d39-df1a-4daa-8b14-c03190d3e0fa,KXBTC15M-26JAN161930-30,KXBTC15M-26JAN161930-30,yes,buy,1,0.36,36,64,0.3600,0.6400,True,,2026-01-17T00:22:58.097819Z,1768609378
55eb3418-4bc8-610b-27f8-37e3d4c68a06,55eb3418-4bc8-610b-27f8-37e3d4c68a06,4b1ded87-c08b-4b2b-a37e-d312043c5fca,KXBTC15M-26JAN161930-30,KXBTC15M-26JAN161930-30,yes,buy,1,0.37,37,63,0.3700,0.6300,True,,2026-01-17T00:22:50.238042Z,1768609370
02e12fa4-9436-7005-cd15-c1364a63248f,02e12fa4-9436-7005-cd15-c1364a63248f,88c6af4b-5471-4c1f-9a7d-baa2ff904a2f,KXBTC15M-26JAN161900-00,KXBTC15M-26JAN161900-00,no,buy,2,0.89,89,11,0.8900,0.1100,True,,2026-01-16T23:48:01.036101Z,1768607281
58a5ca34-0771-738d-4347-e4a4b8ff0144,58a5ca34-0771-738d-4347-e4a4b8ff0144,0bca51f5-83bd-4ddc-b327-0c12f0072c51,KXBTC15M-26JAN161900-00,KXBTC15M-26JAN161900-00,no,buy,1,0.78,78,22,0.7800,0.2200,True,,2026-01-16T23:47:34.242953Z,1768607254
a2ac3c57-20ab-7059-becd-15ce7a37553e,a2ac3c57-20ab-7059-becd-15ce7a37553e,4df12260-9437-4c9b-8316-67ae5b2853c0,KXBTC15M-26JAN161900-00,KXBTC15M-26JAN161900-00,no,buy,1,0.76,76,24,0.7600,0.2400,True,,2026-01-16T23:47:26.572013Z,1768607246
85c7a1bc-2f82-4291-8d92-f80c57275a5f,85c7a1bc-2f82-4291-8d92-f80c57275a5f,312881b8-5890-4056-8551-6eeb605222da,KXBTC15M-26JAN161900-00,KXBTC15M-26JAN161900-00,no,buy,1,0.77,77,23,0.7700,0.2300,True,,2026-01-16T23:47:14.338037Z,1768607234
94190239-4737-723b-b392-32bab5027735,94190239-4737-723b-b392-32bab5027735,717126f5-4c0b-4f7a-882a-008d8872c374,KXBTC15M-26JAN161845-45,KXBTC15M-26JAN161845-45,no,buy,1,0.54,54,46,0.5400,0.4600,True,,2026-01-16T23:32:23.466257Z,1768606343
dea30b89-3d82-7745-b0ce-12450792a940,dea30b89-3d82-7745-b0ce-12450792a940,2f7afeaf-b33b-4d68-85fb-36d4fdedf6ee,KXBTC15M-26JAN161845-45,KXBTC15M-26JAN161845-45,no,buy,1,0.46,46,54,0.4600,0.5400,True,,2026-01-16T23:31:25.516807Z,1768606285
a1d2c6fa-8932-4061-737c-6f4f3c2a037c,a1d2c6fa-8932-4061-737c-6f4f3c2a037c,30a68df3-5e17-40a1-b517-a9967303dc61,KXBTC15M-26JAN161845-45,KXBTC15M-26JAN161845-45,no,buy,1,0.46,46,54,0.4600,0.5400,True,,2026-01-16T23:31:17.747495Z,1768606277
5689e000-dda1-716e-3d2c-c2f6da1cf0c9,5689e000-dda1-716e-3d2c-c2f6da1cf0c9,3fe7154a-5446-4cb5-afe3-110bc0e7e6c6,KXBTC15M-26JAN161830-30,KXBTC15M-26JAN161830-30,yes,buy,2,0.49,49,51,0.4900,0.5100,True,,2026-01-16T23:16:35.237271Z,1768605395
eba1a5c4-2101-5602-8cbf-bc7d9662058d,eba1a5c4-2101-5602-8cbf-bc7d9662058d,10ad043b-6b6e-456e-8387-cea913f85b97,KXBTC15M-26JAN161830-30,KXBTC15M-26JAN161830-30,yes,buy,2,0.51,51,49,0.5100,0.4900,True,,2026-01-16T23:16:27.528885Z,1768605387
2ae63fda-ed8f-7614-4fa4-84289240f9b8,2ae63fda-ed8f-7614-4fa4-84289240f9b8,f03e3909-da04-4ee6-b23e-5329e0f229bb,KXBTC15M-26JAN161815-15,KXBTC15M-26JAN161815-15,no,buy,1,0.46,46,54,0.4600,0.5400,True,,2026-01-16T23:05:24.120313Z,1768604724
34235f54-101b-72ac-104f-9658cc6b0bf8,34235f54-101b-72ac-104f-9658cc6b0bf8,778f612a-6561-4fc8-a5c4-97b5f778d52b,KXBTC15M-26JAN161815-15,KXBTC15M-26JAN161815-15,no,buy,1,0.46,46,54,0.4600,0.5400,True,,2026-01-16T23:05:02.11973Z,1768604702
7ca78e09-529b-4564-f390-339d89dcc978,7ca78e09-529b-4564-f390-339d89dcc978,25ae557d-35c1-423a-9d33-7ec4a615258b,KXBTC15M-26JAN161815-15,KXBTC15M-26JAN161815-15,no,buy,1,0.46,46,54,0.4600,0.5400,True,,2026-01-16T23:04:50.28184Z,1768604690
e11debf9-a7e4-6eb7-3f24-3f2a7a780f84,e11debf9-a7e4-6eb7-3f24-3f2a7a780f84,5defe7f3-ebd2-4802-a54b-2b3ba8664576,KXBTC15M-26JAN161815-15,KXBTC15M-26JAN161815-15,no,buy,1,0.39,39,61,0.3900,0.6100,True,,2026-01-16T23:03:45.973466Z,1768604625
840daa44-f58b-6572-f0e8-9be29dac0082,840daa44-f58b-6572-f0e8-9be29dac0082,01bbe099-0b1b-4a80-96bb-3d041deaa04a,KXBTC15M-26JAN161815-15,KXBTC15M-26JAN161815-15,no,buy,1,0.43,43,57,0.4300,0.5700,True,,2026-01-16T23:02:05.791626Z,1768604525
c2be5f39-06a2-4d17-852a-2e45655b76b0,c2be5f39-06a2-4d17-852a-2e45655b76b0,8878fb1a-5ae6-4108-8992-7e504d4b3a21,KXBTC15M-26JAN161800-00,KXBTC15M-26JAN161800-00,no,buy,1,0.85,85,15,0.8500,0.1500,True,,2026-01-16T22:48:31.880979Z,1768603711
3caba785-0f55-7bb7-2c76-88526f9a63ab,3caba785-0f55-7bb7-2c76-88526f9a63ab,2d23e135-4e8c-4ed1-a797-4a53b627604e,KXBTC15M-26JAN161800-00,KXBTC15M-26JAN161800-00,no,buy,1,0.85,85,15,0.8500,0.1500,True,,2026-01-16T22:48:24.631455Z,1768603704
e7642590-4533-614f-1be2-b93522033b5d,e7642590-4533-614f-1be2-b93522033b5d,e490faa6-ea3b-4823-ad8e-d697d0b89d08,KXBTC15M-26JAN161800-00,KXBTC15M-26JAN161800-00,no,buy,1,0.85,85,15,0.8500,0.1500,True,,2026-01-16T22:48:17.300039Z,1768603697
9d92ac7a-7616-4635-9c4a-bab2c3343f0b,9d92ac7a-7616-4635-9c4a-bab2c3343f0b,62bdb150-7c1d-42b7-860e-7aecd39bfae5,KXBTC15M-26JAN161800-00,KXBTC15M-26JAN161800-00,no,buy,1,0.84,84,16,0.8400,0.1600,True,,2026-01-16T22:48:09.848011Z,1768603689
607bcc25-c314-75ce-b5f7-f0ad00be0029,607bcc25-c314-75ce-b5f7-f0ad00be0029,a2349ddf-c454-4e29-85a0-443cf99671fb,KXBTC15M-26JAN161800-00,KXBTC15M-26JAN161800-00,no,buy,1,0.72,72,28,0.7200,0.2800,True,,2026-01-16T22:47:41.918054Z,1768603661
cf459e76-30f4-54f6-03fe-911e02d41a7b,cf459e76-30f4-54f6-03fe-911e02d41a7b,0796309a-9999-45e4-a5c0-2c44ae96f6f0,KXBTC15M-26JAN161745-45,KXBTC15M-26JAN161745-45,yes,buy,1,0.06,6,94,0.0600,0.9400,True,,2026-01-16T22:38:06.071216Z,1768603086
25c9433f-591f-4fea-bb7b-1c1fbf8cd69b,25c9433f-591f-4fea-bb7b-1c1fbf8cd69b,86119383-9696-4314-8744-63e288190f5c,KXBTC15M-26JAN161745-45,KXBTC15M-26JAN161745-45,yes,buy,1,0.1,10,90,0.1000,0.9000,True,,2026-01-16T22:37:20.816799Z,1768603040
d2c17550-6d16-4380-f241-d6a61fe1bb92,d2c17550-6d16-4380-f241-d6a61fe1bb92,5fdf35d1-051d-4267-9425-d3afea394304,KXBTC15M-26JAN161745-45,KXBTC15M-26JAN161745-45,yes,buy,1,0.1,10,90,0.1000,0.9000,True,,2026-01-16T22:37:13.459028Z,1768603033
8c58e209-2de9-69df-a15c-6610fb488325,8c58e209-2de9-69df-a15c-6610fb488325,5eb2c0bd-c196-4923-8255-85728ed34270,KXBTC15M-26JAN161745-45,KXBTC15M-26JAN161745-45,yes,buy,2,0.11,11,89,0.1100,0.8900,True,,2026-01-16T22:36:48.771655Z,1768603008
80324545-c79a-4a31-df4a-6cd14febde5b,80324545-c79a-4a31-df4a-6cd14febde5b,19fce051-2260-417e-9719-65e190d0e04a,KXBTC15M-26JAN161730-30,KXBTC15M-26JAN161730-30,no,buy,1,0.51,51,49,0.5100,0.4900,True,,2026-01-16T22:19:35.247784Z,1768601975
4d90176c-ff58-4134-aeec-42b650fbd485,4d90176c-ff58-4134-aeec-42b650fbd485,c184c6fe-9494-43ec-8a19-1acb74aedbc0,KXBTC15M-26JAN161730-30,KXBTC15M-26JAN161730-30,no,buy,1,0.51,51,49,0.5100,0.4900,True,,2026-01-16T22:19:28.006068Z,1768601968
3405b816-bc5f-5a83-b64b-cafccadc6f10,3405b816-bc5f-5a83-b64b-cafccadc6f10,37761957-f8c9-4623-8329-b23cf08b25d7,KXBTC15M-26JAN161730-30,KXBTC15M-26JAN161730-30,no,buy,1,0.62,62,38,0.6200,0.3800,True,,2026-01-16T22:17:39.976556Z,1768601859
91c9976c-6ca8-7a9f-35f7-6a23a12f9ce5,91c9976c-6ca8-7a9f-35f7-6a23a12f9ce5,c3b95c63-e240-4d38-aa3d-e64b80f811c7,KXBTC15M-26JAN161730-30,KXBTC15M-26JAN161730-30,no,buy,1,0.64,64,36,0.6400,0.3600,True,,2026-01-16T22:17:25.132653Z,1768601845
6b571ce8-1026-4621-d92f-22133f2858ad,6b571ce8-1026-4621-d92f-22133f2858ad,45a5702a-9e32-4239-97f4-03e289f1fe30,KXBTC15M-26JAN161730-30,KXBTC15M-26JAN161730-30,no,buy,1,0.45,45,55,0.4500,0.5500,True,,2026-01-16T22:16:49.999309Z,1768601809
376f71e6-0f0b-52d0-584f-ce53759223f7,376f71e6-0f0b-52d0-584f-ce53759223f7,ade707e4-0319-4563-b6e4-56e89ca96930,KXBTC15M-26JAN161715-15,KXBTC15M-26JAN161715-15,no,buy,1,0.15,15,85,0.1500,0.8500,True,,2026-01-16T22:03:10.137699Z,1768600990
f876a30a-5a4e-5cdc-5dbb-5a6e5e14964b,f876a30a-5a4e-5cdc-5dbb-5a6e5e14964b,12b0178e-b0a0-4607-ba50-ef588d4e00c8,KXBTC15M-26JAN161715-15,KXBTC15M-26JAN161715-15,no,buy,1,0.26,26,74,0.2600,0.7400,True,,2026-01-16T22:02:34.997231Z,1768600954
933df989-e88c-4f0d-3838-cd62d20dc429,933df989-e88c-4f0d-3838-cd62d20dc429,cc205037-38ba-4064-af72-d8c3ed767024,KXBTC15M-26JAN161715-15,KXBTC15M-26JAN161715-15,no,buy,1,0.42,42,58,0.4200,0.5800,True,,2026-01-16T22:01:49.362233Z,1768600909
6e2f0cbf-087e-5b62-3232-202cea63fa4b,6e2f0cbf-087e-5b62-3232-202cea63fa4b,662461a6-1b40-4712-a6d1-ba79311386de,KXBTC15M-26JAN161715-15,KXBTC15M-26JAN161715-15,no,buy,2,0.41,41,59,0.4100,0.5900,True,,2026-01-16T22:01:42.175399Z,1768600902
c9633848-fe57-5975-e3f2-9b9c8b1123f1,c9633848-fe57-5975-e3f2-9b9c8b1123f1,a7537eb8-a384-47b1-9279-a359331a944a,KXBTC15M-26JAN161700-00,KXBTC15M-26JAN161700-00,no,buy,1,0.34,34,66,0.3400,0.6600,True,,2026-01-16T21:53:37.065014Z,1768600417
dc4b7d71-63c8-6087-3807-07e335759de3,dc4b7d71-63c8-6087-3807-07e335759de3,7cee0d12-3340-4b79-aef7-fbd02e83a4ef,KXBTC15M-26JAN161700-00,KXBTC15M-26JAN161700-00,no,buy,1,0.34,34,66,0.3400,0.6600,True,,2026-01-16T21:53:22.846797Z,1768600402
95a3af89-620f-5c88-79a1-cd55cbac7331,95a3af89-620f-5c88-79a1-cd55cbac7331,ecb31797-e912-4792-bde6-90248b048521,KXBTC15M-26JAN161700-00,KXBTC15M-26JAN161700-00,no,buy,1,0.32,32,68,0.3200,0.6800,True,,2026-01-16T21:53:14.975915Z,1768600394
c2aa9098-aff4-7f62-f84a-7a1a5675cd76,c2aa9098-aff4-7f62-f84a-7a1a5675cd76,3734d887-2d84-4c37-9975-610278be0d76,KXBTC15M-26JAN161700-00,KXBTC15M-26JAN161700-00,no,buy,1,0.5,50,50,0.5000,0.5000,True,,2026-01-16T21:51:36.986598Z,1768600296
677d2bbe-a1c1-622f-720e-8da54c4d5406,677d2bbe-a1c1-622f-720e-8da54c4d5406,9c0b0fff-7be8-49c5-be4c-2c60cfa5d1b9,KXBTC15M-26JAN161700-00,KXBTC15M-26JAN161700-00,no,buy,1,0.38,38,62,0.3800,0.6200,True,,2026-01-16T21:49:07.795005Z,1768600147
2781626b-21ab-54e0-2269-55e375af33dd,2781626b-21ab-54e0-2269-55e375af33dd,f7e19e9c-e59d-4602-a2c5-dae564083297,KXBTC15M-26JAN161645-45,KXBTC15M-26JAN161645-45,yes,sell,5,0.72,72,28,0.7200,0.2800,True,,2026-01-16T21:37:49.725759Z,1768599469
d5594450-c78e-4f38-4f0c-af2c9ec51eac,d5594450-c78e-4f38-4f0c-af2c9ec51eac,c37343c1-4d4e-4213-b61f-cdc41299063e,KXBTC15M-26JAN161645-45,KXBTC15M-26JAN161645-45,no,buy,1,0.66,66,34,0.6600,0.3400,True,,2026-01-16T21:33:18.989151Z,1768599198
7b93fe60-8be3-52ca-9dc6-31c8b354c31f,7b93fe60-8be3-52ca-9dc6-31c8b354c31f,f06317c0-ebf3-45fe-8006-1a6e54738268,KXBTC15M-26JAN161645-45,KXBTC15M-26JAN161645-45,no,buy,1,0.44,44,56,0.4400,0.5600,True,,2026-01-16T21:32:38.167131Z,1768599158
6804d304-447a-7aa2-833c-d95596879796,6804d304-447a-7aa2-833c-d95596879796,27db5f8c-73d1-4ed9-85ca-4f75f568aae9,KXBTC15M-26JAN161645-45,KXBTC15M-26JAN161645-45,no,buy,1,0.45,45,55,0.4500,0.5500,True,,2026-01-16T21:31:48.433944Z,1768599108
05e2cd7c-ea5a-4412-eb10-bb8dc0ed9b96,05e2cd7c-ea5a-4412-eb10-bb8dc0ed9b96,7ca2d812-5859-4175-9fc1-57c3e0f229e9,KXBTC15M-26JAN161645-45,KXBTC15M-26JAN161645-45,no,buy,1,0.45,45,55,0.4500,0.5500,True,,2026-01-16T21:31:40.936609Z,1768599100
b68fb142-6aa6-5e9a-d4a6-87a66e601d3a,b68fb142-6aa6-5e9a-d4a6-87a66e601d3a,9079871d-f866-47d7-902c-d8c90b514842,KXBTC15M-26JAN161645-45,KXBTC15M-26JAN161645-45,no,buy,1,0.45,45,55,0.4500,0.5500,True,,2026-01-16T21:31:33.800534Z,1768599093
0ccbb661-907e-4cec-d6ec-116174a0a432,0ccbb661-907e-4cec-d6ec-116174a0a432,d8ad772e-573f-425e-9f6c-46302a4eedb5,KXBTC15M-26JAN161630-30,KXBTC15M-26JAN161630-30,no,buy,1,0.4,40,60,0.4000,0.6000,True,,2026-01-16T21:16:44.650638Z,1768598204
6d0b89cb-ef2e-6b06-4e56-5e67b7fec225,6d0b89cb-ef2e-6b06-4e56-5e67b7fec225,f60a5613-74ed-4959-b813-94fad92a76c8,KXBTC15M-26JAN161630-30,KXBTC15M-26JAN161630-30,no,buy,1,0.4,40,60,0.4000,0.6000,True,,2026-01-16T21:16:21.532567Z,1768598181
b97772f1-09fa-41d3-b733-4c096a1a066b,b97772f1-09fa-41d3-b733-4c096a1a066b,1d04e5f7-1168-40b7-8a25-94fa447acb5b,KXBTC15M-26JAN161630-30,KXBTC15M-26JAN161630-30,no,buy,1,0.4,40,60,0.4000,0.6000,True,,2026-01-16T21:16:14.284347Z,1768598174
83399dd8-e892-4fd3-0f56-fddc9e12d193,83399dd8-e892-4fd3-0f56-fddc9e12d193,93975e3d-6932-4337-a43c-f88f3978fea5,KXBTC15M-26JAN161630-30,KXBTC15M-26JAN161630-30,no,buy,1,0.4,40,60,0.4000,0.6000,True,,2026-01-16T21:16:07.05585Z,1768598167
48c5159c-13ff-77e3-4d48-4f0ebc854dbf,48c5159c-13ff-77e3-4d48-4f0ebc854dbf,71d8576e-8869-4c5a-b7bf-ff4940531efd,KXBTC15M-26JAN161630-30,KXBTC15M-26JAN161630-30,no,buy,1,0.38,38,62,0.3800,0.6200,True,,2026-01-16T21:15:59.917487Z,1768598159
a22094ac-b4b0-61f7-fd83-161f20df5623,a22094ac-b4b0-61f7-fd83-161f20df5623,d26cf46c-aa4f-4b1d-9247-fcb9c82adcad,KXBTC15M-26JAN161615-15,KXBTC15M-26JAN161615-15,no,buy,2,0.38,38,62,0.3800,0.6200,True,,2026-01-16T21:13:08.805259Z,1768597988
6d251769-7c25-6a40-81b5-8e311983f7be,6d251769-7c25-6a40-81b5-8e311983f7be,a2a1c544-1e56-4baa-80bd-443bbdbe60f0,KXBTC15M-26JAN161615-15,KXBTC15M-26JAN161615-15,no,buy,1,0.38,38,62,0.3800,0.6200,True,,2026-01-16T21:12:52.348746Z,1768597972
28fe4c7d-5a92-596f-87d0-626a89c7f253,28fe4c7d-5a92-596f-87d0-626a89c7f253,e14b28db-34b7-44fc-8aea-834512a9c1f3,KXBTC15M-26JAN161615-15,KXBTC15M-26JAN161615-15,no,buy,1,0.48,48,52,0.4800,0.5200,True,,2026-01-16T21:12:36.504693Z,1768597956
33dde90f-71de-413b-4130-abf44e4ce8ff,33dde90f-71de-413b-4130-abf44e4ce8ff,2783c187-be64-42e9-bb52-b122a34b0758,KXBTC15M-26JAN161615-15,KXBTC15M-26JAN161615-15,no,sell,4,0.49,49,51,0.4900,0.5100,True,,2026-01-16T21:12:29.023909Z,1768597949
fd9c44de-f089-6735-9ef7-6eeee5e9af9f,fd9c44de-f089-6735-9ef7-6eeee5e9af9f,c1627b63-019d-48c8-835f-cf53efddb4d0,KXBTC15M-26JAN161615-15,KXBTC15M-26JAN161615-15,yes,buy,1,0.66,66,34,0.6600,0.3400,True,,2026-01-16T21:11:37.504979Z,1768597897
50b63b0a-c94a-6ca7-468e-c4a01ed9f9a8,50b63b0a-c94a-6ca7-468e-c4a01ed9f9a8,89a4034f-eacf-4a4a-bb3c-5fbaae6e74e3,KXBTC15M-26JAN161615-15,KXBTC15M-26JAN161615-15,yes,buy,1,0.41,41,59,0.4100,0.5900,True,,2026-01-16T21:06:15.963998Z,1768597575
26978eea-3422-598f-6c4e-ee964462976f,26978eea-3422-598f-6c4e-ee964462976f,d96cbba6-6e65-4655-b56c-db7b85948368,KXBTC15M-26JAN161615-15,KXBTC15M-26JAN161615-15,yes,buy,1,0.48,48,52,0.4800,0.5200,True,,2026-01-16T21:02:01.153137Z,1768597321
f2f1e96d-1f52-4f8f-3e84-a8cc5922fb37,f2f1e96d-1f52-4f8f-3e84-a8cc5922fb37,ec752247-a4b9-43d5-a1de-4aed02c4987e,KXBTC15M-26JAN161615-15,KXBTC15M-26JAN161615-15,yes,buy,1,0.48,48,52,0.4800,0.5200,True,,2026-01-16T21:01:53.921668Z,1768597313
e0782634-d583-735a-0e1b-e826669764d0,e0782634-d583-735a-0e1b-e826669764d0,139ef7ae-d4a4-4f63-a731-be7b1468a510,KXBTC15M-26JAN161600-00,KXBTC15M-26JAN161600-00,yes,buy,1,0.75,75,25,0.7500,0.2500,True,,2026-01-16T20:53:04.267138Z,1768596784
788ce4d9-9c2b-6730-6369-73d08bd889db,788ce4d9-9c2b-6730-6369-73d08bd889db,aaf436e8-0452-4b5b-b1e7-1d992d948f11,KXBTC15M-26JAN161600-00,KXBTC15M-26JAN161600-00,yes,buy,1,0.73,73,27,0.7300,0.2700,True,,2026-01-16T20:52:57.088156Z,1768596777
982adf69-0f8b-4ca8-cb44-094122162767,982adf69-0f8b-4ca8-cb44-094122162767,d2ddb804-20ba-41bd-9bec-433d47e724be,KXBTC15M-26JAN161600-00,KXBTC15M-26JAN161600-00,yes,buy,1,0.73,73,27,0.7300,0.2700,True,,2026-01-16T20:52:48.694698Z,1768596768
a23a86ee-bdb3-4863-1b2a-9fdb5d93cc41,a23a86ee-bdb3-4863-1b2a-9fdb5d93cc41,cb704cbb-8c93-434e-a238-df10bfc39303,KXBTC15M-26JAN161600-00,KXBTC15M-26JAN161600-00,yes,buy,1,0.73,73,27,0.7300,0.2700,True,,2026-01-16T20:52:41.403918Z,1768596761
a47cd7a6-f758-734b-c750-7adf7f7366e0,a47cd7a6-f758-734b-c750-7adf7f7366e0,a7d2d157-d08a-4f96-98c2-42ed130b9e89,KXBTC15M-26JAN161600-00,KXBTC15M-26JAN161600-00,yes,buy,1,0.72,72,28,0.7200,0.2800,True,,2026-01-16T20:52:34.007106Z,1768596754
6ba31b5b-9a17-7d50-1ca7-840648170756,6ba31b5b-9a17-7d50-1ca7-840648170756,ec0f8d97-0169-4ed8-a317-5956ad1fc14b,KXBTC15M-26JAN161600-00,KXBTC15M-26JAN161600-00,yes,sell,1,0.68,68,32,0.6800,0.3200,True,,2026-01-16T20:51:30.769199Z,1768596690
622f34af-6056-6aab-308f-142ae3da3aad,622f34af-6056-6aab-308f-142ae3da3aad,460ad26c-0c8c-485d-a181-3074a8d4365a,KXBTC15M-26JAN161600-00,KXBTC15M-26JAN161600-00,no,buy,1,0.48,48,52,0.4800,0.5200,True,,2026-01-16T20:50:17.469476Z,1768596617
f39ed23e-e4d1-66c2-1a84-831bc8745a8c,f39ed23e-e4d1-66c2-1a84-831bc8745a8c,5fb2dabd-f7e9-4955-a6c8-73e52f342a92,KXBTC15M-26JAN161545-45,KXBTC15M-26JAN161545-45,yes,buy,1,0.88,88,12,0.8800,0.1200,True,,2026-01-16T20:42:04.901638Z,1768596124
4533e4df-2df5-7f19-20d9-0c316e974145,4533e4df-2df5-7f19-20d9-0c316e974145,b4df1471-98eb-4dbd-a589-f303ef20a805,KXBTC15M-26JAN161545-45,KXBTC15M-26JAN161545-45,yes,buy,1,0.76,76,24,0.7600,0.2400,True,,2026-01-16T20:40:03.217082Z,1768596003
590dfdaf-0c4a-6859-a2e4-9e3e9b56b8bc,590dfdaf-0c4a-6859-a2e4-9e3e9b56b8bc,1eb6de0f-ca1c-49e6-8d61-f403abdea8a2,KXBTC15M-26JAN161545-45,KXBTC15M-26JAN161545-45,yes,buy,1,0.56,56,44,0.5600,0.4400,True,,2026-01-16T20:34:19.878655Z,1768595659
d6066a80-9b74-7e39-aecf-d2f3b9c2df8c,d6066a80-9b74-7e39-aecf-d2f3b9c2df8c,82365b0e-2211-4d5e-842a-5d288917ae6a,KXBTC15M-26JAN161530-30,KXBTC15M-26JAN161530-30,no,buy,1,0.85,85,15,0.8500,0.1500,True,,2026-01-16T20:19:50.516928Z,1768594790
0e6355f5-2f9b-6006-9113-1541c278a23e,0e6355f5-2f9b-6006-9113-1541c278a23e,1190eb6b-224c-4bbf-834a-169f6b4640a1,KXBTC15M-26JAN161530-30,KXBTC15M-26JAN161530-30,no,buy,1,0.84,84,16,0.8400,0.1600,True,,2026-01-16T20:19:42.577734Z,1768594782
2574424d-ad35-7e99-a2a1-39de009a3b98,2574424d-ad35-7e99-a2a1-39de009a3b98,73f404fb-283b-4e1b-8014-99f5b7f3f4dc,KXBTC15M-26JAN161530-30,KXBTC15M-26JAN161530-30,no,buy,1,0.78,78,22,0.7800,0.2200,True,,2026-01-16T20:19:35.045094Z,1768594775
5e1dd437-71a5-4cdd-0376-1d810c4e9e05,5e1dd437-71a5-4cdd-0376-1d810c4e9e05,80d9d4e3-d408-4044-a31f-cd4b153d3228,KXBTC15M-26JAN161530-30,KXBTC15M-26JAN161530-30,no,buy,1,0.74,74,26,0.7400,0.2600,True,,2026-01-16T20:19:27.697275Z,1768594767
c06333fc-533e-47cd-670b-309de26d45e2,c06333fc-533e-47cd-670b-309de26d45e2,d022b205-eefd-4346-b976-e74eeb89ac3f,KXBTC15M-26JAN161530-30,KXBTC15M-26JAN161530-30,no,buy,1,0.75,75,25,0.7500,0.2500,True,,2026-01-16T20:19:20.419562Z,1768594760
60453b08-e40a-5131-8aac-2c4091ac833b,60453b08-e40a-5131-8aac-2c4091ac833b,48373561-2869-4751-804f-eb51cbf78e4f,KXBTC15M-26JAN161515-15,KXBTC15M-26JAN161515-15,yes,buy,1,0.09,9,91,0.0900,0.9100,True,,2026-01-16T20:04:58.483162Z,1768593898
f3b05cab-2445-5e98-c668-39dd0220ab0b,f3b05cab-2445-5e98-c668-39dd0220ab0b,3cbb1d4e-04b6-47d3-91d1-20b7ac4e089e,KXBTC15M-26JAN161515-15,KXBTC15M-26JAN161515-15,yes,buy,1,0.09,9,91,0.0900,0.9100,True,,2026-01-16T20:04:51.195593Z,1768593891
106b1754-858f-450e-ab8f-360622c1fff6,106b1754-858f-450e-ab8f-360622c1fff6,4b9cd806-9f41-437e-88b1-c6b547e6e5c5,KXBTC15M-26JAN161515-15,KXBTC15M-26JAN161515-15,yes,buy,1,0.11,11,89,0.1100,0.8900,True,,2026-01-16T20:04:43.766199Z,1768593883
daa0aa17-bcee-6db0-407b-e3600f328889,daa0aa17-bcee-6db0-407b-e3600f328889,620443ad-96b6-4ae6-b204-a8d44b62a78e,KXBTC15M-26JAN161515-15,KXBTC15M-26JAN161515-15,yes,buy,1,0.12,12,88,0.1200,0.8800,True,,2026-01-16T20:04:36.21428Z,1768593876
1c477d8c-37b9-62ad-d1de-9768336acfcc,1c477d8c-37b9-62ad-d1de-9768336acfcc,fd27a89c-fcb6-4825-948d-0db42373517e,KXBTC15M-26JAN161500-00,KXBTC15M-26JAN161500-00,yes,buy,1,0.72,72,28,0.7200,0.2800,True,,2026-01-16T19:53:01.772991Z,1768593181
9c3a35b8-fc22-4b27-5850-00b4923c6a01,9c3a35b8-fc22-4b27-5850-00b4923c6a01,c3016d4a-61d4-41c3-bdca-1caaae47a0aa,KXBTC15M-26JAN161500-00,KXBTC15M-26JAN161500-00,yes,sell,3,0.77,77,23,0.7700,0.2300,True,,2026-01-16T19:51:01.998569Z,1768593061
0ac94161-da77-6c8f-8399-05692f724e66,0ac94161-da77-6c8f-8399-05692f724e66,f3795f34-8704-491f-830f-f7198885d6cb,KXBTC15M-26JAN161500-00,KXBTC15M-26JAN161500-00,no,buy,1,0.83,83,17,0.8300,0.1700,True,,2026-01-16T19:50:26.572922Z,1768593026
2132ac91-33d6-75aa-20c7-562de7a1841a,2132ac91-33d6-75aa-20c7-562de7a1841a,ffd4ac2f-8a73-4da5-ac6a-18b6c84221e3,KXBTC15M-26JAN161500-00,KXBTC15M-26JAN161500-00,no,buy,1,0.56,56,44,0.5600,0.4400,True,,2026-01-16T19:49:03.245537Z,1768592943
7464d507-024f-5290-504e-44ba04a0e71a,7464d507-024f-5290-504e-44ba04a0e71a,e471426e-d91b-4464-b028-3891e98f6aeb,KXBTC15M-26JAN161500-00,KXBTC15M-26JAN161500-00,no,buy,1,0.5,50,50,0.5000,0.5000,True,,2026-01-16T19:46:45.920206Z,1768592805
8b080836-cfdc-6974-f4a8-742f2bc653c7,8b080836-cfdc-6974-f4a8-742f2bc653c7,c90902cf-d66d-4b9c-95c9-c7c3b9c3cefa,KXBTC15M-26JAN161445-45,KXBTC15M-26JAN161445-45,yes,sell,5,0.98,98,2,0.9800,0.0200,True,,2026-01-16T19:43:04.091468Z,1768592584
f2a17343-b9fa-4ad9-892f-168ee5e673fb,f2a17343-b9fa-4ad9-892f-168ee5e673fb,3384fc85-01ec-42bd-880f-cb522805ae22,KXBTC15M-26JAN161445-45,KXBTC15M-26JAN161445-45,no,buy,1,0.88,88,12,0.8800,0.1200,True,,2026-01-16T19:34:33.189272Z,1768592073
d5850308-d11f-5781-bf49-74745007abda,d5850308-d11f-5781-bf49-74745007abda,4b37aa2f-68d0-47b1-819e-8ee1907bbcec,KXBTC15M-26JAN161445-45,KXBTC15M-26JAN161445-45,no,buy,2,0.88,88,12,0.8800,0.1200,True,,2026-01-16T19:34:18.4133Z,1768592058
690f0e5b-677f-47d0-2764-638b04ea264b,690f0e5b-677f-47d0-2764-638b04ea264b,544fb780-1360-439f-a530-24baf463996b,KXBTC15M-26JAN161445-45,KXBTC15M-26JAN161445-45,no,buy,1,0.91,91,9,0.9100,0.0900,True,,2026-01-16T19:33:40.358951Z,1768592020
a1adfbfc-35ff-457a-afdd-9b6c97547be0,a1adfbfc-35ff-457a-afdd-9b6c97547be0,4f96e841-c04b-4252-8df2-38502ba4864e,KXBTC15M-26JAN161445-45,KXBTC15M-26JAN161445-45,no,buy,1,0.84,84,16,0.8400,0.1600,True,,2026-01-16T19:32:17.69573Z,1768591937
7f40d5e4-5c7f-6b65-6ccc-79067a71c6a9,7f40d5e4-5c7f-6b65-6ccc-79067a71c6a9,82474ecd-bbaa-4958-bf51-6be94eb951b9,KXBTC15M-26JAN161430-30,KXBTC15M-26JAN161430-30,no,buy,1,0.4,40,60,0.4000,0.6000,True,,2026-01-16T19:16:39.496223Z,1768590999
fda8e7f1-ba29-5438-221a-503e2f723557,fda8e7f1-ba29-5438-221a-503e2f723557,0e904073-09a8-4474-ad92-5cdaa8ec712e,KXBTC15M-26JAN161430-30,KXBTC15M-26JAN161430-30,no,buy,1,0.49,49,51,0.4900,0.5100,True,,2026-01-16T19:16:29.105386Z,1768590989
e6d5ad54-ba9b-41a3-d2f0-b3599bcb325f,e6d5ad54-ba9b-41a3-d2f0-b3599bcb325f,8fb8687c-1e87-4022-91bb-fdbb6d9748ff,KXBTC15M-26JAN161415-15,KXBTC15M-26JAN161415-15,no,buy,1,0.37,37,63,0.3700,0.6300,True,,2026-01-16T19:02:06.556625Z,1768590126
427295f7-8be2-4bbe-126e-1f73e80829cd,427295f7-8be2-4bbe-126e-1f73e80829cd,71a0d2be-80ee-42cd-a155-2297ba6e3659,KXBTC15M-26JAN161415-15,KXBTC15M-26JAN161415-15,no,buy,1,0.39,39,61,0.3900,0.6100,True,,2026-01-16T19:01:56.705565Z,1768590116
edd64ab4-3fff-63eb-d468-1678cc95ba48,edd64ab4-3fff-63eb-d468-1678cc95ba48,75e47789-27c9-4be6-9a3b-c409fe9b27a7,KXBTC15M-26JAN161415-15,KXBTC15M-26JAN161415-15,no,buy,1,0.29,29,71,0.2900,0.7100,True,,2026-01-16T19:01:40.144709Z,1768590100
36c85c1d-49ed-6b7b-a2e2-63ce82e4d2be,36c85c1d-49ed-6b7b-a2e2-63ce82e4d2be,e2ae93f0-e28d-4aba-806f-963921d369f1,KXBTC15M-26JAN161415-15,KXBTC15M-26JAN161415-15,no,buy,1,0.25,25,75,0.2500,0.7500,True,,2026-01-16T19:01:22.879008Z,1768590082
5a99bd4a-be9a-7084-d959-468f4f2934d7,5a99bd4a-be9a-7084-d959-468f4f2934d7,981dc5dd-1786-4ecf-9509-64191231c2c7,KXBTC15M-26JAN161415-15,KXBTC15M-26JAN161415-15,no,buy,1,0.3,30,70,0.3000,0.7000,True,,2026-01-16T19:01:03.572253Z,1768590063
952ff9dd-bcbc-6c59-308f-68ea40d99090,952ff9dd-bcbc-6c59-308f-68ea40d99090,37d48fcb-993c-4bfb-af9f-bc1e84aee9ff,KXBTC15M-26JAN161400-00,KXBTC15M-26JAN161400-00,no,buy,1,0.45,45,55,0.4500,0.5500,True,,2026-01-16T18:48:30.557617Z,1768589310
3fda8005-76bd-6aea-5ba0-7aba1f9714e0,3fda8005-76bd-6aea-5ba0-7aba1f9714e0,5bd2304f-399c-4a12-b932-bd896eee84d2,KXBTC15M-26JAN161400-00,KXBTC15M-26JAN161400-00,no,buy,1,0.45,45,55,0.4500,0.5500,True,,2026-01-16T18:48:20.060901Z,1768589300
109f0160-bf1d-682e-648b-5e12356f37c4,109f0160-bf1d-682e-648b-5e12356f37c4,50035016-4bf4-4aa3-b6f8-74a364508c1b,KXBTC15M-26JAN161400-00,KXBTC15M-26JAN161400-00,no,buy,1,0.45,45,55,0.4500,0.5500,True,,2026-01-16T18:48:10.937068Z,1768589290
6eff4efb-8456-5b2a-e772-71efd2598343,6eff4efb-8456-5b2a-e772-71efd2598343,41138c6e-61f8-45c2-9f4a-2462b6975928,KXBTC15M-26JAN161400-00,KXBTC15M-26JAN161400-00,no,buy,1,0.47,47,53,0.4700,0.5300,True,,2026-01-16T18:48:03.782211Z,1768589283
651d2a18-c17a-53c9-7f12-360f7dc562f3,651d2a18-c17a-53c9-7f12-360f7dc562f3,4c1e8d56-18b3-466a-b164-a3fa61a6cbae,KXBTC15M-26JAN161400-00,KXBTC15M-26JAN161400-00,no,buy,1,0.47,47,53,0.4700,0.5300,True,,2026-01-16T18:46:58.606714Z,1768589218
f8538470-a4fc-4358-90f8-2e0d046224b0,f8538470-a4fc-4358-90f8-2e0d046224b0,d3029245-b9e0-424d-8706-886a6a92c099,KXBTC15M-26JAN161345-45,KXBTC15M-26JAN161345-45,no,buy,1,0.44,44,56,0.4400,0.5600,True,,2026-01-16T18:32:23.469571Z,1768588343
5b6f1158-9898-5020-1fe8-f6214af68fa5,5b6f1158-9898-5020-1fe8-f6214af68fa5,b410794e-3392-4652-a5ab-65521f30ef70,KXBTC15M-26JAN161345-45,KXBTC15M-26JAN161345-45,no,buy,1,0.44,44,56,0.4400,0.5600,True,,2026-01-16T18:32:11.130061Z,1768588331
be5986dd-a346-72ab-c853-3613605983b5,be5986dd-a346-72ab-c853-3613605983b5,5da308a3-55a7-4c3c-9eb6-bef426b5c1e6,KXBTC15M-26JAN161345-45,KXBTC15M-26JAN161345-45,no,buy,1,0.41,41,59,0.4100,0.5900,True,,2026-01-16T18:31:56.557541Z,1768588316
d7476ad5-0a85-5362-763f-317ae1b7f789,d7476ad5-0a85-5362-763f-317ae1b7f789,0ec70a31-5abe-461c-ba6d-13745995a40b,KXBTC15M-26JAN161345-45,KXBTC15M-26JAN161345-45,no,buy,1,0.46,46,54,0.4600,0.5400,True,,2026-01-16T18:31:46.134586Z,1768588306
ab6b9e66-00b0-57a0-2632-0c8101b91318,ab6b9e66-00b0-57a0-2632-0c8101b91318,352000a1-94a0-47f4-ad71-f3a4ffda11e0,KXBTC15M-26JAN161345-45,KXBTC15M-26JAN161345-45,no,buy,1,0.46,46,54,0.4600,0.5400,True,,2026-01-16T18:31:23.039993Z,1768588283
525c0431-65ea-51f7-0c36-e727033867a3,525c0431-65ea-51f7-0c36-e727033867a3,0d4c1459-72f4-47fa-a437-e19aeade67fa,KXBTC15M-26JAN161330-30,KXBTC15M-26JAN161330-30,yes,sell,4,0.93,93,7,0.9300,0.0700,True,,2026-01-16T18:26:05.97314Z,1768587965
eab2ff8d-8f49-4bc5-5309-93c86c99e6c9,eab2ff8d-8f49-4bc5-5309-93c86c99e6c9,adf62e30-a669-4035-bdc1-888a4c9e4d6a,KXBTC15M-26JAN161330-30,KXBTC15M-26JAN161330-30,no,buy,1,0.78,78,22,0.7800,0.2200,True,,2026-01-16T18:24:38.559159Z,1768587878
0bfdffe4-4402-5c94-91a9-50893e2277f0,0bfdffe4-4402-5c94-91a9-50893e2277f0,c578ee0f-1578-46e5-8d13-d7f3ebf5bb81,KXBTC15M-26JAN161330-30,KXBTC15M-26JAN161330-30,no,buy,1,0.54,54,46,0.5400,0.4600,True,,2026-01-16T18:21:19.007805Z,1768587679
cfdd583c-bafe-592c-ac70-ece4e1c23596,cfdd583c-bafe-592c-ac70-ece4e1c23596,a3a7b81a-e652-46a8-8dc2-93e49cbaec58,KXBTC15M-26JAN161330-30,KXBTC15M-26JAN161330-30,no,buy,1,0.56,56,44,0.5600,0.4400,True,,2026-01-16T18:20:55.849863Z,1768587655
20465cc0-939e-5824-8941-8033129512c2,20465cc0-939e-5824-8941-8033129512c2,3564e3c2-7bfb-4503-8739-0388466d8f02,KXBTC15M-26JAN161330-30,KXBTC15M-26JAN161330-30,no,buy,1,0.69,69,31,0.6900,0.3100,True,,2026-01-16T18:19:44.541913Z,1768587584
5aecb8ec-207d-74b9-e86d-7c8986b854b1,5aecb8ec-207d-74b9-e86d-7c8986b854b1,da5835d4-2f8c-4dae-95d8-5b59b891b5fa,KXBTC15M-26JAN161315-15,KXBTC15M-26JAN161315-15,no,sell,5,0.52,52,48,0.5200,0.4800,True,,2026-01-16T18:11:30.009062Z,1768587090
16c61ba1-79df-5d87-7fb3-9ed1e9a599bd,16c61ba1-79df-5d87-7fb3-9ed1e9a599bd,0548a15f-92d0-44ff-b0b3-a2c98368322f,KXBTC15M-26JAN161315-15,KXBTC15M-26JAN161315-15,yes,buy,1,0.6,60,40,0.6000,0.4000,True,,2026-01-16T18:02:47.088254Z,1768586567
a5d90d22-432e-4259-adf6-cc637985047e,a5d90d22-432e-4259-adf6-cc637985047e,5c155f82-55a3-428c-87b4-a414b6ad661b,KXBTC15M-26JAN161315-15,KXBTC15M-26JAN161315-15,yes,buy,1,0.56,56,44,0.5600,0.4400,True,,2026-01-16T18:02:14.457313Z,1768586534
0d7294d5-4999-6b96-b8b3-b260df4c2acd,0d7294d5-4999-6b96-b8b3-b260df4c2acd,0a775de1-58b2-4ad9-81fe-76d0ea16f46a,KXBTC15M-26JAN161315-15,KXBTC15M-26JAN161315-15,yes,buy,1,0.63,63,37,0.6300,0.3700,True,,2026-01-16T18:01:29.417155Z,1768586489
4fa0edce-f22b-40d5-6e73-7dc4bcb1fca6,4fa0edce-f22b-40d5-6e73-7dc4bcb1fca6,76d39c40-d69c-42e1-befa-da7d564f7f26,KXBTC15M-26JAN161315-15,KXBTC15M-26JAN161315-15,yes,buy,1,0.66,66,34,0.6600,0.3400,True,,2026-01-16T18:01:17.046262Z,1768586477
6574d855-53b3-79be-47e4-7c869e21f0ea,6574d855-53b3-79be-47e4-7c869e21f0ea,e0e17ee1-bb16-4f31-b8b3-856cc68989c1,KXBTC15M-26JAN161315-15,KXBTC15M-26JAN161315-15,yes,buy,1,0.65,65,35,0.6500,0.3500,True,,2026-01-16T18:01:09.364804Z,1768586469
42124caa-d2b8-6ad9-4d6d-31e7cfea0fe6,42124caa-d2b8-6ad9-4d6d-31e7cfea0fe6,cea99337-d6a6-4bea-b4a6-283cb95ed562,KXBTC15M-26JAN161300-00,KXBTC15M-26JAN161300-00,yes,buy,1,0.77,77,23,0.7700,0.2300,True,,2026-01-16T17:58:36.238662Z,1768586316
fb6866c7-d457-4e81-4f19-253fa90c1441,fb6866c7-d457-4e81-4f19-253fa90c1441,ff3d586a-9ef0-4199-b3a1-14162db3d54d,KXBTC15M-26JAN161300-00,KXBTC15M-26JAN161300-00,yes,buy,1,0.61,61,39,0.6100,0.3900,True,,2026-01-16T17:57:53.298339Z,1768586273
80dc471c-2116-6d62-d069-96b0584c716b,80dc471c-2116-6d62-d069-96b0584c716b,14d0ab84-bc31-487d-9b0b-1bed32be82cc,KXBTC15M-26JAN161300-00,KXBTC15M-26JAN161300-00,yes,sell,5,0.56,56,44,0.5600,0.4400,True,,2026-01-16T17:57:01.369149Z,1768586221
ea35f70a-5eda-4b75-b857-2508235ee924,ea35f70a-5eda-4b75-b857-2508235ee924,723afa32-4382-434b-8811-6be27bca2530,KXBTC15M-26JAN161300-00,KXBTC15M-26JAN161300-00,no,buy,1,0.1,10,90,0.1000,0.9000,True,,2026-01-16T17:53:29.28092Z,1768586009
9c015305-34f4-541e-f9dc-2a0390c78727,9c015305-34f4-541e-f9dc-2a0390c78727,8a0eceee-e756-45d5-96ad-db086e44de6a,KXBTC15M-26JAN161300-00,KXBTC15M-26JAN161300-00,no,buy,1,0.13,13,87,0.1300,0.8700,True,,2026-01-16T17:53:19.969486Z,1768585999
d533b291-7b57-7401-f328-46caa7f0e7de,d533b291-7b57-7401-f328-46caa7f0e7de,16e0d8a1-eb05-4cae-930d-9121c51298e3,KXBTC15M-26JAN161300-00,KXBTC15M-26JAN161300-00,no,buy,1,0.2,20,80,0.2000,0.8000,True,,2026-01-16T17:53:12.526929Z,1768585992
40d6fc0c-a410-5b5f-ab28-813efd0b25b7,40d6fc0c-a410-5b5f-ab28-813efd0b25b7,ab314b9b-710e-4632-82f9-134831ef1c74,KXBTC15M-26JAN161300-00,KXBTC15M-26JAN161300-00,no,buy,1,0.2,20,80,0.2000,0.8000,True,,2026-01-16T17:53:05.393905Z,1768585985
59734586-a224-6837-0e04-68655d42acdf,59734586-a224-6837-0e04-68655d42acdf,b35557bc-f072-4a13-ab00-a3bce5455481,KXBTC15M-26JAN161300-00,KXBTC15M-26JAN161300-00,no,buy,1,0.17,17,83,0.1700,0.8300,True,,2026-01-16T17:52:41.249757Z,1768585961
ac70233a-804c-6436-6c37-6cf7c866ff20,ac70233a-804c-6436-6c37-6cf7c866ff20,52cfd6f1-c19e-4a9c-b1eb-169c593a6c87,KXBTC15M-26JAN161245-45,KXBTC15M-26JAN161245-45,yes,buy,1,0.75,75,25,0.7500,0.2500,True,,2026-01-16T17:34:31.246736Z,1768584871
fbf27046-29dd-4a1e-5965-952409cc22f6,fbf27046-29dd-4a1e-5965-952409cc22f6,e02bdaca-1081-4314-bad7-0fb01d489e72,KXBTC15M-26JAN161245-45,KXBTC15M-26JAN161245-45,yes,buy,1,0.74,74,26,0.7400,0.2600,True,,2026-01-16T17:34:22.117189Z,1768584862
5cb352b5-e2e1-5762-bf4c-316698d4921a,5cb352b5-e2e1-5762-bf4c-316698d4921a,c9fb9276-e24e-444b-835d-66a0b90eb249,KXBTC15M-26JAN161245-45,KXBTC15M-26JAN161245-45,yes,buy,1,0.74,74,26,0.7400,0.2600,True,,2026-01-16T17:34:07.002541Z,1768584847
e75b2657-ad45-7831-25ce-1ac31125149c,e75b2657-ad45-7831-25ce-1ac31125149c,a9f21746-e481-4ef7-abe8-7cd4d1e63a9b,KXBTC15M-26JAN161245-45,KXBTC15M-26JAN161245-45,yes,buy,1,0.66,66,34,0.6600,0.3400,True,,2026-01-16T17:33:16.743272Z,1768584796
0f936b01-9b8d-71e1-0ed0-37e59ba7f2fc,0f936b01-9b8d-71e1-0ed0-37e59ba7f2fc,93c00413-6933-4c83-a12f-f79d73468303,KXBTC15M-26JAN161245-45,KXBTC15M-26JAN161245-45,yes,buy,1,0.66,66,34,0.6600,0.3400,True,,2026-01-16T17:33:09.269689Z,1768584789
9c149546-5edd-5bbd-a203-0fedb6c43588,9c149546-5edd-5bbd-a203-0fedb6c43588,b721fb82-9867-4614-8a1b-399f781e72de,KXBTC15M-26JAN161245-45,KXBTC15M-26JAN161245-45,yes,sell,2,0.66,66,34,0.6600,0.3400,True,,2026-01-16T17:33:09.161774Z,1768584789
6949c3c4-e00f-610f-729c-515d419b2c62,6949c3c4-e00f-610f-729c-515d419b2c62,20c39114-54e4-4bf1-bb38-ae15dc3a305c,KXBTC15M-26JAN161245-45,KXBTC15M-26JAN161245-45,no,buy,1,0.65,65,35,0.6500,0.3500,True,,2026-01-16T17:32:09.589041Z,1768584729
b00d94ec-d871-5416-605d-33826cfdc1fa,b00d94ec-d871-5416-605d-33826cfdc1fa,0e7f608f-25b3-4794-bdf3-0db1dcdcdf6a,KXBTC15M-26JAN161245-45,KXBTC15M-26JAN161245-45,no,buy,1,0.69,69,31,0.6900,0.3100,True,,2026-01-16T17:31:58.172347Z,1768584718
0073bb33-2bc0-5096-07a4-58bf1d87733d,0073bb33-2bc0-5096-07a4-58bf1d87733d,fcc93eb9-b2da-4746-a198-94f5c9837d77,KXBTC15M-26JAN161230-30,KXBTC15M-26JAN161230-30,no,buy,1,0.1,10,90,0.1000,0.9000,True,,2026-01-16T17:25:28.197699Z,1768584328
9271971b-10d0-64a8-6cf2-8ebf8e98e887,9271971b-10d0-64a8-6cf2-8ebf8e98e887,3734f8d8-4f91-4a05-b1fa-5f87d89a92e7,KXBTC15M-26JAN161230-30,KXBTC15M-26JAN161230-30,no,buy,1,0.13,13,87,0.1300,0.8700,True,,2026-01-16T17:25:19.421314Z,1768584319
8adb314c-b4b6-7261-f9c3-6ebb0ca09f47,8adb314c-b4b6-7261-f9c3-6ebb0ca09f47,fea655f8-b214-4c95-96aa-e95d16a45c29,KXBTC15M-26JAN161230-30,KXBTC15M-26JAN161230-30,no,buy,1,0.73,73,27,0.7300,0.2700,True,,2026-01-16T17:20:39.416948Z,1768584039
ff0ba361-914c-4ba3-e044-304f397a3500,ff0ba361-914c-4ba3-e044-304f397a3500,f99deed6-3c13-418a-965c-c6b958f540c5,KXBTC15M-26JAN161230-30,KXBTC15M-26JAN161230-30,no,buy,1,0.77,77,23,0.7700,0.2300,True,,2026-01-16T17:20:31.727364Z,1768584031
128d59df-c513-4a12-0f46-13f98ad96b10,128d59df-c513-4a12-0f46-13f98ad96b10,e45a0b6f-2f1b-41d6-a342-af59f681efb5,KXBTC15M-26JAN161230-30,KXBTC15M-26JAN161230-30,no,buy,1,0.82,82,18,0.8200,0.1800,True,,2026-01-16T17:18:52.721112Z,1768583932
89b183c9-72b7-5411-bd80-af731fabfb46,89b183c9-72b7-5411-bd80-af731fabfb46,f04cf468-4075-4567-8092-17765baa0612,KXBTC15M-26JAN161215-15,KXBTC15M-26JAN161215-15,no,buy,1,0.16,16,84,0.1600,0.8400,True,,2026-01-16T17:08:22.49307Z,1768583302
d93f90b5-0372-6b8b-b336-7734928607f7,d93f90b5-0372-6b8b-b336-7734928607f7,a58fe702-25c5-48ae-8538-055c1ad1f28f,KXBTC15M-26JAN161215-15,KXBTC15M-26JAN161215-15,no,buy,1,0.18,18,82,0.1800,0.8200,True,,2026-01-16T17:08:14.478982Z,1768583294
78d87bfc-255c-405b-6a5f-b92c915b9ba1,78d87bfc-255c-405b-6a5f-b92c915b9ba1,89f90eab-a458-4287-b15f-22324921a89f,KXBTC15M-26JAN161215-15,KXBTC15M-26JAN161215-15,no,buy,1,0.16,16,84,0.1600,0.8400,True,,2026-01-16T17:08:07.150836Z,1768583287
90e8a7f6-d933-4e92-ae45-192c21a734fd,90e8a7f6-d933-4e92-ae45-192c21a734fd,a3d969ba-6bd2-433c-8757-1d6bd0300949,KXBTC15M-26JAN161215-15,KXBTC15M-26JAN161215-15,no,buy,1,0.32,32,68,0.3200,0.6800,True,,2026-01-16T17:01:43.352523Z,1768582903
59517a6e-b8d0-58b0-af79-802fa1a0d067,59517a6e-b8d0-58b0-af79-802fa1a0d067,d045e0da-1bbe-45c7-88b8-f5c66918b467,KXBTC15M-26JAN161215-15,KXBTC15M-26JAN161215-15,no,buy,1,0.31,31,69,0.3100,0.6900,True,,2026-01-16T17:01:32.619845Z,1768582892
06183d42-5b7c-6959-3176-d733faf1feb5,06183d42-5b7c-6959-3176-d733faf1feb5,3c9dc7ae-a32e-4a7c-afd7-843fb92d9741,KXBTC15M-26JAN161200-00,KXBTC15M-26JAN161200-00,no,buy,1,0.06,6,94,0.0600,0.9400,True,,2026-01-16T16:56:55.635048Z,1768582615
2500dfdf-6b05-6138-f94d-131d63e2b967,2500dfdf-6b05-6138-f94d-131d63e2b967,3d29a171-41fc-4978-950e-cfd208cc8da5,KXBTC15M-26JAN161200-00,KXBTC15M-26JAN161200-00,no,buy,1,0.26,26,74,0.2600,0.7400,True,,2026-01-16T16:56:24.206467Z,1768582584
d1d555c5-d15f-4326-0d98-455e9007c7f7,d1d555c5-d15f-4326-0d98-455e9007c7f7,f787275a-eb49-40a3-a967-7bdae31e69ec,KXBTC15M-26JAN161200-00,KXBTC15M-26JAN161200-00,no,buy,1,0.23,23,77,0.2300,0.7700,True,,2026-01-16T16:56:13.026169Z,1768582573
545fea45-b6f3-6211-b06f-76920908792c,545fea45-b6f3-6211-b06f-76920908792c,91075cb8-0b96-4842-89da-66be1ce14bca,KXBTC15M-26JAN161200-00,KXBTC15M-26JAN161200-00,no,buy,1,0.41,41,59,0.4100,0.5900,True,,2026-01-16T16:55:20.015229Z,1768582520
44b2d236-0837-78ec-ddbb-0e3d68bff120,44b2d236-0837-78ec-ddbb-0e3d68bff120,d01bab12-f46c-4c62-9019-2fa344c4518d,KXBTC15M-26JAN161200-00,KXBTC15M-26JAN161200-00,no,buy,1,0.39,39,61,0.3900,0.6100,True,,2026-01-16T16:54:39.408033Z,1768582479
0fec2515-cfe6-4afc-d144-999145732d14,0fec2515-cfe6-4afc-d144-999145732d14,2119a72b-eb8d-42c3-91b0-2da5853daec0,KXBTC15M-26JAN161200-00,KXBTC15M-26JAN161200-00,no,sell,1,0.39,39,61,0.3900,0.6100,True,,2026-01-16T16:54:27.40013Z,1768582467
7081808e-b871-75c7-7c9d-9cbfabdcbc05,7081808e-b871-75c7-7c9d-9cbfabdcbc05,d95a4778-8c84-4e3a-b1fe-2923af75c160,KXBTC15M-26JAN161200-00,KXBTC15M-26JAN161200-00,yes,buy,1,0.6,60,40,0.6000,0.4000,True,,2026-01-16T16:53:58.88727Z,1768582438
3c664361-e79a-5fe9-d9c9-ec6a82b60449,3c664361-e79a-5fe9-d9c9-ec6a82b60449,3223a38d-9496-453b-9f2c-6561ac29a571,KXBTC15M-26JAN161145-45,KXBTC15M-26JAN161145-45,yes,buy,1,0.78,78,22,0.7800,0.2200,True,,2026-01-16T16:43:11.231013Z,1768581791
b35de25d-a9dd-4000-de71-c3f838d94f35,b35de25d-a9dd-4000-de71-c3f838d94f35,f671d138-e8b7-42b6-957c-ec846545cf8d,KXBTC15M-26JAN161145-45,KXBTC15M-26JAN161145-45,yes,buy,2,0.77,77,23,0.7700,0.2300,True,,2026-01-16T16:43:04.100073Z,1768581784
a30cda21-31b6-7aa3-7fe6-3027d85a6869,a30cda21-31b6-7aa3-7fe6-3027d85a6869,71adb793-0366-4e6e-be2c-8f24ba60b182,KXBTC15M-26JAN161145-45,KXBTC15M-26JAN161145-45,yes,buy,1,0.6,60,40,0.6000,0.4000,True,,2026-01-16T16:42:44.269666Z,1768581764
2adcac05-7e15-5410-ab32-e0319ac275c1,2adcac05-7e15-5410-ab32-e0319ac275c1,101182ae-dd45-47b2-882c-24760dc30130,KXBTC15M-26JAN161145-45,KXBTC15M-26JAN161145-45,yes,buy,1,0.64,64,36,0.6400,0.3600,True,,2026-01-16T16:42:20.047323Z,1768581740
fa4327e7-7cf5-7d78-4227-d7b2114f6225,fa4327e7-7cf5-7d78-4227-d7b2114f6225,a4366056-5dfd-4de8-b269-6996ef2044c9,KXBTC15M-26JAN161145-45,KXBTC15M-26JAN161145-45,yes,sell,5,0.67,67,33,0.6700,0.3300,True,,2026-01-16T16:42:04.288379Z,1768581724
dde43fb0-18b2-6446-ec3e-dd1aeafe47f0,dde43fb0-18b2-6446-ec3e-dd1aeafe47f0,6f86c454-8153-4b3d-90b2-a8992d88e90f,KXBTC15M-26JAN161145-45,KXBTC15M-26JAN161145-45,no,buy,1,0.37,37,63,0.3700,0.6300,True,,2026-01-16T16:31:43.766394Z,1768581103
dfc3445d-5d41-719d-8f94-4c3004a93fcc,dfc3445d-5d41-719d-8f94-4c3004a93fcc,a8c32811-c02a-4d02-8a73-656dfcb838a5,KXBTC15M-26JAN161145-45,KXBTC15M-26JAN161145-45,no,buy,1,0.36,36,64,0.3600,0.6400,True,,2026-01-16T16:31:31.493719Z,1768581091
28d67587-8c81-6dbc-8ad7-899ff2128b8c,28d67587-8c81-6dbc-8ad7-899ff2128b8c,68bc56a2-4ac1-4a09-87d2-26ce1f5efefe,KXBTC15M-26JAN161145-45,KXBTC15M-26JAN161145-45,no,buy,1,0.37,37,63,0.3700,0.6300,True,,2026-01-16T16:31:23.388864Z,1768581083
ab778364-7c68-7c4f-8196-28c57e44d337,ab778364-7c68-7c4f-8196-28c57e44d337,78e82c3a-5e21-4fcb-8999-f24246f17510,KXBTC15M-26JAN161145-45,KXBTC15M-26JAN161145-45,no,buy,1,0.39,39,61,0.3900,0.6100,True,,2026-01-16T16:31:16.147138Z,1768581076
481453ec-9cfd-6183-5a26-f855ea31804c,481453ec-9cfd-6183-5a26-f855ea31804c,1c11372c-6be5-48ee-b248-3b99e8709b91,KXBTC15M-26JAN161145-45,KXBTC15M-26JAN161145-45,no,buy,1,0.39,39,61,0.3900,0.6100,True,,2026-01-16T16:31:02.992021Z,1768581062
ca0fbc4e-c159-4569-4a09-10383858bfcc,ca0fbc4e-c159-4569-4a09-10383858bfcc,556cc1ef-86f9-403d-b2f8-a23a228e5887,KXBTC15M-26JAN161130-30,KXBTC15M-26JAN161130-30,yes,buy,1,0.56,56,44,0.5600,0.4400,True,,2026-01-16T16:18:52.833229Z,1768580332
825aa575-e831-471d-bb85-4a94dbf7a577,825aa575-e831-471d-bb85-4a94dbf7a577,f5ed4dbb-d859-434b-8edd-243429689b99,KXBTC15M-26JAN161115-15,KXBTC15M-26JAN161115-15,yes,buy,1,0.93,93,7,0.9300,0.0700,True,,2026-01-16T16:10:08.808572Z,1768579808
7b21b3cd-6141-73d9-52c1-a23ce60875a7,7b21b3cd-6141-73d9-52c1-a23ce60875a7,0bb38815-fa05-4e7a-b48c-1e1e26176fad,KXBTC15M-26JAN161115-15,KXBTC15M-26JAN161115-15,yes,buy,1,0.93,93,7,0.9300,0.0700,True,,2026-01-16T16:10:00.990045Z,1768579800
1ba61170-878d-553b-f5a2-324be9aa9c63,1ba61170-878d-553b-f5a2-324be9aa9c63,e27eda83-a73b-47a4-9884-77a584247b3f,KXBTC15M-26JAN161115-15,KXBTC15M-26JAN161115-15,yes,buy,1,0.88,88,12,0.8800,0.1200,True,,2026-01-16T16:08:25.818711Z,1768579705
bbab6dab-eec0-5f2f-6646-08949d3d4c5d,bbab6dab-eec0-5f2f-6646-08949d3d4c5d,9dd541d6-fa5b-44c3-bdb1-b05dcf53a692,KXBTC15M-26JAN161115-15,KXBTC15M-26JAN161115-15,yes,buy,1,0.89,89,11,0.8900,0.1100,True,,2026-01-16T16:07:26.290541Z,1768579646
7ad111d5-3836-5aaa-a680-4333192ebdb0,7ad111d5-3836-5aaa-a680-4333192ebdb0,6a5a094f-b03f-451b-8b5a-839a7a2076c3,KXBTC15M-26JAN161115-15,KXBTC15M-26JAN161115-15,yes,buy,1,0.83,83,17,0.8300,0.1700,True,,2026-01-16T16:07:16.053409Z,1768579636
5c584a29-7ee1-675a-6e75-48379b9e7adf,5c584a29-7ee1-675a-6e75-48379b9e7adf,02e9182b-fd93-4864-bafc-ccfc82235347,KXBTC15M-26JAN161115-15,KXBTC15M-26JAN161115-15,yes,sell,5,0.67,67,33,0.6700,0.3300,True,,2026-01-16T16:06:16.069042Z,1768579576
b50805d8-196d-6759-358e-5b37b0c225e7,b50805d8-196d-6759-358e-5b37b0c225e7,98e89218-f74f-48ce-af28-d65fc457f733,KXBTC15M-26JAN161115-15,KXBTC15M-26JAN161115-15,no,buy,1,0.44,44,56,0.4400,0.5600,True,,2026-01-16T16:02:42.88296Z,1768579362
92944b85-ab64-69f7-67e3-7ecaac650d47,92944b85-ab64-69f7-67e3-7ecaac650d47,1c2c4a70-438e-4962-b2ce-7aa08253d004,KXBTC15M-26JAN161115-15,KXBTC15M-26JAN161115-15,no,buy,1,0.49,49,51,0.4900,0.5100,True,,2026-01-16T16:02:22.036607Z,1768579342
e3a00594-4b78-54dd-a528-bf7e1ae4d08f,e3a00594-4b78-54dd-a528-bf7e1ae4d08f,c1b013b8-34d7-4517-8cab-5d60758289d7,KXBTC15M-26JAN161115-15,KXBTC15M-26JAN161115-15,no,buy,1,0.51,51,49,0.5100,0.4900,True,,2026-01-16T16:01:57.216562Z,1768579317
cb5289ad-25a8-5fbb-8a25-467d02664dfd,cb5289ad-25a8-5fbb-8a25-467d02664dfd,7a9c2e59-3fdd-4470-8fe0-228833f5cec1,KXBTC15M-26JAN161115-15,KXBTC15M-26JAN161115-15,no,buy,1,0.51,51,49,0.5100,0.4900,True,,2026-01-16T16:01:49.443968Z,1768579309
a72c451b-5dd9-57d3-0261-fa615f1599e2,a72c451b-5dd9-57d3-0261-fa615f1599e2,b88d7e95-2f4d-45b5-a622-dffa957dc335,KXBTC15M-26JAN161115-15,KXBTC15M-26JAN161115-15,no,buy,1,0.49,49,51,0.4900,0.5100,True,,2026-01-16T16:01:37.251104Z,1768579297
a78fc249-2d9c-64be-5927-270df84002c3,a78fc249-2d9c-64be-5927-270df84002c3,f1007820-1192-4a08-b35f-8bb4271d2370,KXBTC15M-26JAN161100-00,KXBTC15M-26JAN161100-00,yes,buy,1,0.88,88,12,0.8800,0.1200,True,,2026-01-16T15:56:23.483182Z,1768578983
b90231d6-289b-596a-3c9f-24a3d0c94842,b90231d6-289b-596a-3c9f-24a3d0c94842,75d2ee87-7842-45cb-a7e2-bc2ee44dbed3,KXBTC15M-26JAN161100-00,KXBTC15M-26JAN161100-00,yes,buy,1,0.89,89,11,0.8900,0.1100,True,,2026-01-16T15:56:12.490358Z,1768578972
a6695cf8-4bc1-5052-5e6f-e320ad7b2681,a6695cf8-4bc1-5052-5e6f-e320ad7b2681,ae025089-23fe-46bb-bc0b-58bf695cb2cc,KXBTC15M-26JAN161100-00,KXBTC15M-26JAN161100-00,yes,buy,1,0.85,85,15,0.8500,0.1500,True,,2026-01-16T15:56:04.793981Z,1768578964
cfcd7b41-1e6e-616d-caee-ede4a0fb8f2b,cfcd7b41-1e6e-616d-caee-ede4a0fb8f2b,4af10571-d084-49f2-9d1e-7e20007dbf2a,KXBTC15M-26JAN161100-00,KXBTC15M-26JAN161100-00,yes,buy,1,0.87,87,13,0.8700,0.1300,True,,2026-01-16T15:55:55.527828Z,1768578955
e8ae749d-3d40-716e-c15b-1c8fdf7c2f94,e8ae749d-3d40-716e-c15b-1c8fdf7c2f94,6869e1a9-0edd-4f3d-93b8-553a4c5aa160,KXBTC15M-26JAN161100-00,KXBTC15M-26JAN161100-00,yes,buy,1,0.72,72,28,0.7200,0.2800,True,,2026-01-16T15:55:05.635036Z,1768578905
32326c56-8d50-426a-4968-015ea1c66dc8,32326c56-8d50-426a-4968-015ea1c66dc8,5ecee79b-e2d9-43fc-b1b4-924e13f431f7,KXBTC15M-26JAN161100-00,KXBTC15M-26JAN161100-00,yes,sell,5,0.72,72,28,0.7200,0.2800,True,,2026-01-16T15:55:05.526211Z,1768578905
23e21cef-9403-5654-ab4e-924d688c184c,23e21cef-9403-5654-ab4e-924d688c184c,cdae873b-321d-4522-8e65-684a4ad53958,KXBTC15M-26JAN161100-00,KXBTC15M-26JAN161100-00,no,buy,1,0.32,32,68,0.3200,0.6800,True,,2026-01-16T15:51:39.765593Z,1768578699
42fe3e9f-3eed-66b6-ea36-c0d4e26097a1,42fe3e9f-3eed-66b6-ea36-c0d4e26097a1,0cb43aa5-3bce-4b1c-94a2-c89d2f933593,KXBTC15M-26JAN161100-00,KXBTC15M-26JAN161100-00,no,buy,1,0.26,26,74,0.2600,0.7400,True,,2026-01-16T15:49:34.104165Z,1768578574
5e366be0-ec18-4f9d-8133-4cf54a18c89f,5e366be0-ec18-4f9d-8133-4cf54a18c89f,c42e7183-6ed2-41cd-8416-f99ade8748fb,KXBTC15M-26JAN161100-00,KXBTC15M-26JAN161100-00,no,buy,1,0.22,22,78,0.2200,0.7800,True,,2026-01-16T15:49:21.85384Z,1768578561
68d9b5c4-caa3-7743-e3aa-a2d5c9f6399a,68d9b5c4-caa3-7743-e3aa-a2d5c9f6399a,0712e4b5-ba1e-4c89-94f1-5a11a209aab9,KXBTC15M-26JAN161100-00,KXBTC15M-26JAN161100-00,no,buy,1,0.29,29,71,0.2900,0.7100,True,,2026-01-16T15:47:25.854383Z,1768578445
875cb264-a963-4792-f134-efa692cc3ef0,875cb264-a963-4792-f134-efa692cc3ef0,f2b8e8bb-0a41-426f-9269-2b9fe382a08f,KXBTC15M-26JAN161100-00,KXBTC15M-26JAN161100-00,no,buy,1,0.42,42,58,0.4200,0.5800,True,,2026-01-16T15:46:38.280944Z,1768578398
2ce1052b-a353-4821-f61c-58663b1d723e,2ce1052b-a353-4821-f61c-58663b1d723e,1faa0bc9-16d5-43df-9561-b67a4e415f39,KXBTC15M-26JAN161045-45,KXBTC15M-26JAN161045-45,no,buy,1,0.42,42,58,0.4200,0.5800,True,,2026-01-16T15:32:41.369148Z,1768577561
7dc796e8-eac6-7054-4f1f-3c7670a01802,7dc796e8-eac6-7054-4f1f-3c7670a01802,6856f667-bbbf-4ccd-becb-a5ab42f1e11a,KXBTC15M-26JAN161045-45,KXBTC15M-26JAN161045-45,no,buy,1,0.45,45,55,0.4500,0.5500,True,,2026-01-16T15:32:10.745103Z,1768577530
2936cfa8-d63c-4f52-d9eb-aca01c38a121,2936cfa8-d63c-4f52-d9eb-aca01c38a121,f09b02de-c79e-4260-9994-ea32da05d1cc,KXBTC15M-26JAN161045-45,KXBTC15M-26JAN161045-45,no,buy,1,0.49,49,51,0.4900,0.5100,True,,2026-01-16T15:32:03.599244Z,1768577523
86a251d9-4b0c-7d5a-a30f-c9a4500971d3,86a251d9-4b0c-7d5a-a30f-c9a4500971d3,f21eeadc-6c6e-4ca5-8e6d-93519adabfd9,KXBTC15M-26JAN161045-45,KXBTC15M-26JAN161045-45,no,buy,1,0.47,47,53,0.4700,0.5300,True,,2026-01-16T15:31:51.350594Z,1768577511
db8d2fc5-aaa0-62a6-7a8b-8426d390c7f4,db8d2fc5-aaa0-62a6-7a8b-8426d390c7f4,67cc6e8b-1247-493c-b06b-22fdbbb6d0f0,KXBTC15M-26JAN161045-45,KXBTC15M-26JAN161045-45,no,buy,1,0.49,49,51,0.4900,0.5100,True,,2026-01-16T15:31:35.694134Z,1768577495
e8b9320b-7651-77b1-b4db-9f839eb679f6,e8b9320b-7651-77b1-b4db-9f839eb679f6,e297ab1c-1362-4e91-8448-6bce762afb56,KXBTC15M-26JAN161015-15,KXBTC15M-26JAN161015-15,yes,buy,1,0.67,67,33,0.6700,0.3300,True,,2026-01-16T15:06:19.53144Z,1768575979
2f1a8454-22af-518b-fe93-e4dac439696e,2f1a8454-22af-518b-fe93-e4dac439696e,ab47bcf4-d8d0-46bd-9006-2c6058baf2ff,KXBTC15M-26JAN161015-15,KXBTC15M-26JAN161015-15,yes,buy,1,0.71,71,29,0.7100,0.2900,True,,2026-01-16T15:05:51.031504Z,1768575951
45954653-019c-51fc-bdcc-820474f1f142,45954653-019c-51fc-bdcc-820474f1f142,839c8c8a-9e52-46f6-8b3a-4820a94cdc0a,KXBTC15M-26JAN161015-15,KXBTC15M-26JAN161015-15,yes,buy,1,0.74,74,26,0.7400,0.2600,True,,2026-01-16T15:05:43.712741Z,1768575943
58e5a552-76c3-7b5d-7564-b405b2ae28e1,58e5a552-76c3-7b5d-7564-b405b2ae28e1,84345732-768a-4f48-b6ae-b7a5c7a11d1f,KXBTC15M-26JAN161015-15,KXBTC15M-26JAN161015-15,yes,buy,1,0.62,62,38,0.6200,0.3800,True,,2026-01-16T15:04:31.847327Z,1768575871
ec812bf6-2987-46c2-b360-d0010a1dedd1,ec812bf6-2987-46c2-b360-d0010a1dedd1,a8ee1287-86dc-405e-8ee6-ebc8a9eac4d2,KXBTC15M-26JAN161015-15,KXBTC15M-26JAN161015-15,yes,buy,1,0.6,60,40,0.6000,0.4000,True,,2026-01-16T15:04:19.661439Z,1768575859
4a360306-ba17-6d9e-c058-7c409125327d,4a360306-ba17-6d9e-c058-7c409125327d,8143d8bb-a238-4a89-9228-c0d8cf24f339,KXBTC15M-26JAN161015-15,KXBTC15M-26JAN161015-15,yes,sell,5,0.6,60,40,0.6000,0.4000,True,,2026-01-16T15:04:19.501905Z,1768575859
3fef3a71-f5b3-6bfb-b839-8b044f4df748,3fef3a71-f5b3-6bfb-b839-8b044f4df748,c935bb89-0c8b-4ac2-8e9e-d0954fb09327,KXBTC15M-26JAN161015-15,KXBTC15M-26JAN161015-15,no,buy,1,0.31,31,69,0.3100,0.6900,True,,2026-01-16T15:02:31.092633Z,1768575751
ac9ad7d1-dd12-4fe2-5a8d-d085195c6405,ac9ad7d1-dd12-4fe2-5a8d-d085195c6405,1dbe7acb-c732-43f7-b4f0-b90d8ac0c7de,KXBTC15M-26JAN161015-15,KXBTC15M-26JAN161015-15,no,buy,1,0.32,32,68,0.3200,0.6800,True,,2026-01-16T15:02:22.955141Z,1768575742
7967659c-d043-7c6d-ba6f-3a4ab2ee1331,7967659c-d043-7c6d-ba6f-3a4ab2ee1331,ac582855-2d59-4eb0-82ec-b77aeca7a5a0,KXBTC15M-26JAN161015-15,KXBTC15M-26JAN161015-15,no,buy,1,0.39,39,61,0.3900,0.6100,True,,2026-01-16T15:02:08.197443Z,1768575728
85891b79-7dbd-772d-120d-799af40aaceb,85891b79-7dbd-772d-120d-799af40aaceb,a9ac264e-82f0-4d67-a8a9-c4a29ac7990b,KXBTC15M-26JAN161015-15,KXBTC15M-26JAN161015-15,no,buy,1,0.44,44,56,0.4400,0.5600,True,,2026-01-16T15:01:50.316513Z,1768575710
9634fc5d-a77d-4c83-3075-398d85677b43,9634fc5d-a77d-4c83-3075-398d85677b43,b6018892-4a29-43de-abfe-034f789df682,KXBTC15M-26JAN161015-15,KXBTC15M-26JAN161015-15,no,buy,1,0.41,41,59,0.4100,0.5900,True,,2026-01-16T15:01:38.037053Z,1768575698
7b351086-6a83-6b49-50e4-0e270f0ce57c,7b351086-6a83-6b49-50e4-0e270f0ce57c,336a0474-4a32-492a-b84e-c0a26e101fe5,KXBTC15M-26JAN161000-00,KXBTC15M-26JAN161000-00,no,buy,1,0.54,54,46,0.5400,0.4600,True,,2026-01-16T14:50:30.181969Z,1768575030
152b17b3-1ee6-719c-ff08-efd38ee79016,152b17b3-1ee6-719c-ff08-efd38ee79016,ea155140-61d5-4dd8-90f8-f06e26002482,KXBTC15M-26JAN161000-00,KXBTC15M-26JAN161000-00,no,buy,1,0.52,52,48,0.5200,0.4800,True,,2026-01-16T14:50:20.005122Z,1768575020
6932d866-2fc5-60a3-5101-1177cc700f0d,6932d866-2fc5-60a3-5101-1177cc700f0d,e00af302-11e1-491f-b65c-d04e481456e5,KXBTC15M-26JAN161000-00,KXBTC15M-26JAN161000-00,no,buy,1,0.48,48,52,0.4800,0.5200,True,,2026-01-16T14:50:11.900961Z,1768575011
1beb7ceb-1170-7e5b-9540-4e113f7f6e89,1beb7ceb-1170-7e5b-9540-4e113f7f6e89,1a24b61b-cd56-4df1-8869-ee87adaf6308,KXBTC15M-26JAN161000-00,KXBTC15M-26JAN161000-00,no,buy,1,0.56,56,44,0.5600,0.4400,True,,2026-01-16T14:50:00.995294Z,1768575000
73b07d7a-2748-4e03-1968-84bceba0a8ed,73b07d7a-2748-4e03-1968-84bceba0a8ed,4032767f-80d8-41e7-ab63-dc2cd8989291,KXBTC15M-26JAN161000-00,KXBTC15M-26JAN161000-00,no,buy,1,0.56,56,44,0.5600,0.4400,True,,2026-01-16T14:49:52.934921Z,1768574992
52f86af0-7c23-65e7-94ac-94ca07c311e6,52f86af0-7c23-65e7-94ac-94ca07c311e6,ad7bc421-97d8-4b3b-8ae2-7a39f3d792fa,KXBTC15M-26JAN160945-45,KXBTC15M-26JAN160945-45,no,buy,1,0.36,36,64,0.3600,0.6400,True,,2026-01-16T14:32:00.338497Z,1768573920
188d544c-8ea4-521f-7efc-bf7bec27c309,188d544c-8ea4-521f-7efc-bf7bec27c309,313c7173-bb91-4675-b93f-63ff1a6b8164,KXBTC15M-26JAN160945-45,KXBTC15M-26JAN160945-45,no,buy,1,0.38,38,62,0.3800,0.6200,True,,2026-01-16T14:31:48.200502Z,1768573908
f58a7c0a-2929-5491-1a01-185bedb77144,f58a7c0a-2929-5491-1a01-185bedb77144,8df63ce5-d2b5-4410-a7fe-4dc6b4b367d1,KXBTC15M-26JAN160945-45,KXBTC15M-26JAN160945-45,no,buy,1,0.37,37,63,0.3700,0.6300,True,,2026-01-16T14:31:40.766582Z,1768573900
423be132-8a61-70bf-f5b3-b32905c06b97,423be132-8a61-70bf-f5b3-b32905c06b97,1e46330f-5327-4e16-9d65-8b4690d0f4e0,KXBTC15M-26JAN160945-45,KXBTC15M-26JAN160945-45,no,buy,1,0.42,42,58,0.4200,0.5800,True,,2026-01-16T14:31:33.408769Z,1768573893
31b5b04f-6dd9-5639-f4f4-8ad4a3982493,31b5b04f-6dd9-5639-f4f4-8ad4a3982493,6ef78728-dc35-4516-9164-da836482a5e4,KXBTC15M-26JAN160945-45,KXBTC15M-26JAN160945-45,no,buy,1,0.42,42,58,0.4200,0.5800,True,,2026-01-16T14:31:21.221857Z,1768573881
a662f074-4c9f-6cf7-8369-f2cf499adbd1,a662f074-4c9f-6cf7-8369-f2cf499adbd1,c562334b-1906-4876-80ed-36701f009ed0,KXBTC15M-26JAN160930-30,KXBTC15M-26JAN160930-30,yes,buy,1,0.7,70,30,0.7000,0.3000,True,,2026-01-16T14:26:42.004292Z,1768573602
a4abd090-f1bc-729c-b3f7-7a1a51efd678,a4abd090-f1bc-729c-b3f7-7a1a51efd678,1e1eda63-62a3-4e81-890f-1736fbf22044,KXBTC15M-26JAN160930-30,KXBTC15M-26JAN160930-30,yes,sell,5,0.55,55,45,0.5500,0.4500,True,,2026-01-16T14:26:30.922895Z,1768573590
4aafbd72-62ef-6cfe-dd65-9be5c308ab71,4aafbd72-62ef-6cfe-dd65-9be5c308ab71,c7a2cb91-9689-4a1e-958c-d02552963116,KXBTC15M-26JAN160930-30,KXBTC15M-26JAN160930-30,no,buy,1,0.34,34,66,0.3400,0.6600,True,,2026-01-16T14:17:08.499593Z,1768573028
d5155b4a-73a3-4d56-8c65-042408887bcd,d5155b4a-73a3-4d56-8c65-042408887bcd,604c721f-92da-4274-81cc-f7d520760539,KXBTC15M-26JAN160930-30,KXBTC15M-26JAN160930-30,no,buy,1,0.34,34,66,0.3400,0.6600,True,,2026-01-16T14:17:00.145748Z,1768573020
eb779e68-7a23-6638-1347-d8b77932cdfb,eb779e68-7a23-6638-1347-d8b77932cdfb,771debf8-09cd-4ae1-a94f-5aec4b63b416,KXBTC15M-26JAN160930-30,KXBTC15M-26JAN160930-30,no,buy,1,0.37,37,63,0.3700,0.6300,True,,2026-01-16T14:16:37.359024Z,1768572997
dd7c9459-335f-48e7-f048-bdc24c78e732,dd7c9459-335f-48e7-f048-bdc24c78e732,7781ef93-f4bf-4102-99a2-d7ccc8676e51,KXBTC15M-26JAN160930-30,KXBTC15M-26JAN160930-30,no,buy,1,0.38,38,62,0.3800,0.6200,True,,2026-01-16T14:16:17.556478Z,1768572977
d3193172-1cff-6b1e-7345-756c6dd3aaa2,d3193172-1cff-6b1e-7345-756c6dd3aaa2,70feb4dc-42d6-4a97-b26c-4368c1b4dc66,KXBTC15M-26JAN160930-30,KXBTC15M-26JAN160930-30,no,buy,1,0.37,37,63,0.3700,0.6300,True,,2026-01-16T14:16:08.165148Z,1768572968
d5ef5f74-267b-7d7f-73a5-79a4334c3e41,d5ef5f74-267b-7d7f-73a5-79a4334c3e41,370d1ec8-913a-4d2a-b75a-3e7af736e341,KXBTC15M-26JAN160915-15,KXBTC15M-26JAN160915-15,no,buy,1,0.43,43,57,0.4300,0.5700,True,,2026-01-16T14:11:31.88387Z,1768572691
108c9d4f-2200-5d82-b35b-e2e5716a49db,108c9d4f-2200-5d82-b35b-e2e5716a49db,ea3da0d9-542a-46a0-877e-2f3a1f76953c,KXBTC15M-26JAN160915-15,KXBTC15M-26JAN160915-15,no,buy,1,0.44,44,56,0.4400,0.5600,True,,2026-01-16T14:11:19.733537Z,1768572679
93b2b187-ba3b-5397-45d0-08f27b559f12,93b2b187-ba3b-5397-45d0-08f27b559f12,8c38ffe3-a707-45b8-b1a4-a459f9d0f40c,KXBTC15M-26JAN160915-15,KXBTC15M-26JAN160915-15,no,buy,1,0.43,43,57,0.4300,0.5700,True,,2026-01-16T14:10:39.437652Z,1768572639
81eefdeb-0e94-44b3-8b85-28d0582f7d95,81eefdeb-0e94-44b3-8b85-28d0582f7d95,b00d08ea-0ace-4158-8ca6-040014132dab,KXBTC15M-26JAN160915-15,KXBTC15M-26JAN160915-15,no,buy,1,0.45,45,55,0.4500,0.5500,True,,2026-01-16T14:10:32.270054Z,1768572632
d29b413f-80a4-76cb-6a15-61837d13da35,d29b413f-80a4-76cb-6a15-61837d13da35,64d067df-2942-4dc6-b4c2-1654dd5c0443,KXBTC15M-26JAN160915-15,KXBTC15M-26JAN160915-15,no,buy,1,0.45,45,55,0.4500,0.5500,True,,2026-01-16T14:10:20.166681Z,1768572620
fc998f1b-015c-50af-fa07-81b30fc55409,fc998f1b-015c-50af-fa07-81b30fc55409,6f50d456-093c-445f-90c6-ae58c1e9a7cc,KXBTC15M-26JAN160915-15,KXBTC15M-26JAN160915-15,no,sell,3,0.45,45,55,0.4500,0.5500,True,,2026-01-16T14:10:12.906305Z,1768572612
271fb48d-18b2-57fd-6549-89e75ac2f79b,271fb48d-18b2-57fd-6549-89e75ac2f79b,1e08991e-0214-45f5-b188-9d4896d0cce1,KXBTC15M-26JAN160915-15,KXBTC15M-26JAN160915-15,yes,buy,1,0.7,70,30,0.7000,0.3000,True,,2026-01-16T14:05:05.152933Z,1768572305
cca50875-0b75-7022-2b65-6c94b84dc4ca,cca50875-0b75-7022-2b65-6c94b84dc4ca,c13f7b25-eb9b-4c18-aaac-fd750b334814,KXBTC15M-26JAN160915-15,KXBTC15M-26JAN160915-15,yes,buy,1,0.65,65,35,0.6500,0.3500,True,,2026-01-16T14:04:05.020144Z,1768572245
d05c7ecf-e587-7cf9-d9a0-77ffe42283ce,d05c7ecf-e587-7cf9-d9a0-77ffe42283ce,d6fca306-4ef5-4c2a-98b6-f1a8020da059,KXBTC15M-26JAN160915-15,KXBTC15M-26JAN160915-15,yes,buy,1,0.66,66,34,0.6600,0.3400,True,,2026-01-16T14:03:02.017849Z,1768572182
fe306bb5-b121-483a-a6df-c2881b8d5fb5,fe306bb5-b121-483a-a6df-c2881b8d5fb5,b6b13954-3176-42dd-8e64-51b56bcc09b7,KXBTC15M-26JAN160900-00,KXBTC15M-26JAN160900-00,yes,buy,1,0.95,95,5,0.9500,0.0500,True,,2026-01-16T13:58:21.731749Z,1768571901
862d5a22-1ae7-5f10-894e-9b61e3b26a55,862d5a22-1ae7-5f10-894e-9b61e3b26a55,dcc80c6c-779a-447e-8a7b-7640b19379b4,KXBTC15M-26JAN160900-00,KXBTC15M-26JAN160900-00,yes,buy,1,0.94,94,6,0.9400,0.0600,True,,2026-01-16T13:58:11.186603Z,1768571891
c7f4e0e5-4069-43e6-7ba4-aac3f1464efd,c7f4e0e5-4069-43e6-7ba4-aac3f1464efd,2496f7d9-3368-4305-b5ee-1448536f2dd0,KXBTC15M-26JAN160900-00,KXBTC15M-26JAN160900-00,yes,buy,1,0.92,92,8,0.9200,0.0800,True,,2026-01-16T13:58:02.511113Z,1768571882
94700045-a70c-7432-0a75-db600d80c42e,94700045-a70c-7432-0a75-db600d80c42e,9fad595f-7e82-4f5e-a2af-a2d5a21cf7ae,KXBTC15M-26JAN160900-00,KXBTC15M-26JAN160900-00,yes,sell,5,0.65,65,35,0.6500,0.3500,True,,2026-01-16T13:57:05.811327Z,1768571825
ef61a766-2176-4717-aa2e-da1ed2629c65,ef61a766-2176-4717-aa2e-da1ed2629c65,fbc21f44-c3ec-42c0-8523-8356344b6b25,KXBTC15M-26JAN160900-00,KXBTC15M-26JAN160900-00,no,buy,1,0.74,74,26,0.7400,0.2600,True,,2026-01-16T13:49:22.864136Z,1768571362
dd453dfa-095a-52df-1d68-189283205185,dd453dfa-095a-52df-1d68-189283205185,b74b39e3-c9e7-47b2-a8f2-33f5201bd85d,KXBTC15M-26JAN160900-00,KXBTC15M-26JAN160900-00,no,buy,1,0.74,74,26,0.7400,0.2600,True,,2026-01-16T13:49:15.201582Z,1768571355
d6f994d7-80b7-4f98-3d82-0bd642bfc597,d6f994d7-80b7-4f98-3d82-0bd642bfc597,0fb0ec99-1ee9-4223-a317-ea4d325483f9,KXBTC15M-26JAN160900-00,KXBTC15M-26JAN160900-00,no,buy,1,0.72,72,28,0.7200,0.2800,True,,2026-01-16T13:48:59.788639Z,1768571339
f5cce426-b116-56d8-7b24-2690b9a70534,f5cce426-b116-56d8-7b24-2690b9a70534,077f4730-5f6d-4596-b9be-f8dd40338507,KXBTC15M-26JAN160900-00,KXBTC15M-26JAN160900-00,no,buy,1,0.67,67,33,0.6700,0.3300,True,,2026-01-16T13:48:41.448481Z,1768571321
d069168b-73bc-7b95-1983-3301b764e15f,d069168b-73bc-7b95-1983-3301b764e15f,758e4d3e-bd90-4d8b-a91f-8961a492239a,KXBTC15M-26JAN160900-00,KXBTC15M-26JAN160900-00,no,buy,1,0.72,72,28,0.7200,0.2800,True,,2026-01-16T13:48:34.368224Z,1768571314
44958f4d-d076-626a-78c0-5f06fbdcfa0b,44958f4d-d076-626a-78c0-5f06fbdcfa0b,28c756ae-1554-4abd-b10e-4ccb5052987c,KXBTC15M-26JAN160845-45,KXBTC15M-26JAN160845-45,no,buy,1,0.3,30,70,0.3000,0.7000,True,,2026-01-16T13:32:48.611034Z,1768570368
1cf8f408-bd7e-6b74-36ea-f1cef861edce,1cf8f408-bd7e-6b74-36ea-f1cef861edce,57593162-8bf5-4af0-af54-f5408b654748,KXBTC15M-26JAN160845-45,KXBTC15M-26JAN160845-45,no,buy,1,0.28,28,72,0.2800,0.7200,True,,2026-01-16T13:32:40.359024Z,1768570360
815f5e90-1639-747d-9196-3513f3b373e1,815f5e90-1639-747d-9196-3513f3b373e1,21e2daf7-9ce4-4f64-864a-a3bdca78dd39,KXBTC15M-26JAN160845-45,KXBTC15M-26JAN160845-45,no,buy,1,0.29,29,71,0.2900,0.7100,True,,2026-01-16T13:32:29.021355Z,1768570349
0a20707d-3b7d-5b73-b5ac-9cfa1d1ea4a3,0a20707d-3b7d-5b73-b5ac-9cfa1d1ea4a3,c0a1e60c-3dba-47e9-817f-3b4e8cacf089,KXBTC15M-26JAN160845-45,KXBTC15M-26JAN160845-45,no,buy,1,0.3,30,70,0.3000,0.7000,True,,2026-01-16T13:32:21.062906Z,1768570341
9fce1e56-4429-4703-c019-733dedfe6e9d,9fce1e56-4429-4703-c019-733dedfe6e9d,71267240-82ed-4349-9a72-4387df319df4,KXBTC15M-26JAN160845-45,KXBTC15M-26JAN160845-45,no,buy,1,0.42,42,58,0.4200,0.5800,True,,2026-01-16T13:32:09.512862Z,1768570329
186b1459-1808-5541-885e-134d8d98b44b,186b1459-1808-5541-885e-134d8d98b44b,b8e3c265-4063-4570-80e3-20e4b003e208,KXBTC15M-26JAN160830-30,KXBTC15M-26JAN160830-30,yes,buy,1,0.91,91,9,0.9100,0.0900,True,,2026-01-16T13:28:18.7909Z,1768570098
acf7528f-66a4-67d1-27ba-c2667f1b8970,acf7528f-66a4-67d1-27ba-c2667f1b8970,bbe195bf-279b-4ae0-a1f3-4ba4d121c586,KXBTC15M-26JAN160830-30,KXBTC15M-26JAN160830-30,yes,buy,1,0.89,89,11,0.8900,0.1100,True,,2026-01-16T13:28:06.68561Z,1768570086
2c43167d-84f5-6201-2668-2ede6b740801,2c43167d-84f5-6201-2668-2ede6b740801,ac272023-c723-49b3-a436-41e2997d2155,KXBTC15M-26JAN160830-30,KXBTC15M-26JAN160830-30,yes,sell,5,0.66,66,34,0.6600,0.3400,True,,2026-01-16T13:21:59.643576Z,1768569719
dfe5c24a-85b6-4cc5-5b17-b6e6ab5ec085,dfe5c24a-85b6-4cc5-5b17-b6e6ab5ec085,6eee6551-7635-41be-bc07-7fbac6cb91a4,KXBTC15M-26JAN160830-30,KXBTC15M-26JAN160830-30,no,buy,1,0.49,49,51,0.4900,0.5100,True,,2026-01-16T13:17:26.537619Z,1768569446
01c3ea67-59a4-550d-b722-14d0a628c85c,01c3ea67-59a4-550d-b722-14d0a628c85c,2d76e825-f6ab-461d-8dc1-1aab79fe6586,KXBTC15M-26JAN160830-30,KXBTC15M-26JAN160830-30,no,buy,1,0.49,49,51,0.4900,0.5100,True,,2026-01-16T13:17:14.438023Z,1768569434
417f1b70-f456-5362-cec5-eff0c027b444,417f1b70-f456-5362-cec5-eff0c027b444,68a5fdcb-378f-4489-9420-4dc89c294f69,KXBTC15M-26JAN160830-30,KXBTC15M-26JAN160830-30,no,buy,1,0.48,48,52,0.4800,0.5200,True,,2026-01-16T13:17:06.382775Z,1768569426
b9b89ae9-80bf-4e77-b14d-df343acb6dd3,b9b89ae9-80bf-4e77-b14d-df343acb6dd3,df15e455-ec51-414f-8379-a317895d075b,KXBTC15M-26JAN160830-30,KXBTC15M-26JAN160830-30,no,buy,1,0.53,53,47,0.5300,0.4700,True,,2026-01-16T13:16:59.312396Z,1768569419
82019812-f0eb-5f93-90a2-78a4034ba20f,82019812-f0eb-5f93-90a2-78a4034ba20f,51fba4eb-3044-4536-8b02-4af3873d34ac,KXBTC15M-26JAN160830-30,KXBTC15M-26JAN160830-30,no,buy,1,0.53,53,47,0.5300,0.4700,True,,2026-01-16T13:16:51.580905Z,1768569411
9ffb1784-d46a-6226-4edd-24f0211bbcc3,9ffb1784-d46a-6226-4edd-24f0211bbcc3,34dc9bff-8b43-4b56-b1a9-30aee966a628,KXBTC15M-26JAN160815-15,KXBTC15M-26JAN160815-15,yes,sell,5,0.96,96,4,0.9600,0.0400,True,,2026-01-16T13:13:03.190117Z,1768569183
0b717132-6b89-6d43-9df7-3a76af770bde,0b717132-6b89-6d43-9df7-3a76af770bde,511a9c0f-36e8-4b29-8d63-9c341efa2ab9,KXBTC15M-26JAN160815-15,KXBTC15M-26JAN160815-15,no,buy,1,0.4,40,60,0.4000,0.6000,True,,2026-01-16T13:09:24.54442Z,1768568964
5786ce2e-96c7-5b57-6b71-20e17c2889f1,5786ce2e-96c7-5b57-6b71-20e17c2889f1,9b1339cc-0182-459a-b077-fd03662dea9d,KXBTC15M-26JAN160815-15,KXBTC15M-26JAN160815-15,no,buy,1,0.33,33,67,0.3300,0.6700,True,,2026-01-16T13:09:03.221044Z,1768568943
148b2045-67e1-672c-ea2d-069fe5ef0046,148b2045-67e1-672c-ea2d-069fe5ef0046,68e11e42-649e-4805-974c-1e182efaf2d7,KXBTC15M-26JAN160815-15,KXBTC15M-26JAN160815-15,no,buy,1,0.35,35,65,0.3500,0.6500,True,,2026-01-16T13:01:57.597437Z,1768568517
0fce25e1-bb1b-447a-25a1-886a32c8903d,0fce25e1-bb1b-447a-25a1-886a32c8903d,9718f4f1-2f7b-4146-ac56-52c1b0fbc455,KXBTC15M-26JAN160815-15,KXBTC15M-26JAN160815-15,no,buy,1,0.45,45,55,0.4500,0.5500,True,,2026-01-16T13:01:32.943372Z,1768568492
1fcb4df9-4a42-503d-0d3f-fc680cdb225c,1fcb4df9-4a42-503d-0d3f-fc680cdb225c,74d1fc26-d352-4747-a0c3-b6571e7339c9,KXBTC15M-26JAN160815-15,KXBTC15M-26JAN160815-15,no,buy,1,0.45,45,55,0.4500,0.5500,True,,2026-01-16T13:01:20.72125Z,1768568480
193d956d-d346-401a-4d43-550da61fbe10,193d956d-d346-401a-4d43-550da61fbe10,b76d322f-2e63-41b1-b4c0-bb39d98ee4ed,KXBTC15M-26JAN160800-00,KXBTC15M-26JAN160800-00,no,buy,1,0.43,43,57,0.4300,0.5700,True,,2026-01-16T12:47:14.383227Z,1768567634
dd0720e8-d286-560d-8e6a-947dbb88fa78,dd0720e8-d286-560d-8e6a-947dbb88fa78,d2e847e6-4870-456f-8be6-8a3124309a9d,KXBTC15M-26JAN160800-00,KXBTC15M-26JAN160800-00,no,buy,1,0.46,46,54,0.4600,0.5400,True,,2026-01-16T12:46:39.634001Z,1768567599
1351223c-bbb9-5646-1059-79ae5bc587a2,1351223c-bbb9-5646-1059-79ae5bc587a2,99f776e1-f673-46ee-a759-0203ca0e5550,KXBTC15M-26JAN160800-00,KXBTC15M-26JAN160800-00,no,buy,1,0.45,45,55,0.4500,0.5500,True,,2026-01-16T12:46:27.515541Z,1768567587
72c476fe-0371-711a-204d-e154e610d982,72c476fe-0371-711a-204d-e154e610d982,419223d1-5841-4f39-ab5c-243d657b02d8,KXBTC15M-26JAN160800-00,KXBTC15M-26JAN160800-00,no,buy,1,0.45,45,55,0.4500,0.5500,True,,2026-01-16T12:46:18.66733Z,1768567578
f108f838-70f7-6747-5afa-0ea936dd8f5c,f108f838-70f7-6747-5afa-0ea936dd8f5c,f54c59a9-821d-4a5a-b99c-328234a810d5,KXBTC15M-26JAN160800-00,KXBTC15M-26JAN160800-00,no,buy,1,0.45,45,55,0.4500,0.5500,True,,2026-01-16T12:46:08.620351Z,1768567568
adf837c7-f886-67a2-008a-5d57f8fc4dd8,adf837c7-f886-67a2-008a-5d57f8fc4dd8,0dfa69c1-6ab8-480a-a2dd-c45a10284c6e,KXBTC15M-26JAN160745-45,KXBTC15M-26JAN160745-45,no,buy,1,0.15,15,85,0.1500,0.8500,True,,2026-01-16T12:41:32.169216Z,1768567292
a2907633-5fba-695c-7fa7-b1e8ccb9683b,a2907633-5fba-695c-7fa7-b1e8ccb9683b,740cdff4-5dd9-4b58-b2e9-7afe838ca0ca,KXBTC15M-26JAN160745-45,KXBTC15M-26JAN160745-45,no,buy,1,0.3,30,70,0.3000,0.7000,True,,2026-01-16T12:31:31.761106Z,1768566691
cbee5a59-f923-71f5-2211-8a618f17a1ce,cbee5a59-f923-71f5-2211-8a618f17a1ce,bc36922c-7964-4cb5-a21f-d9c0c621cf0c,KXBTC15M-26JAN160745-45,KXBTC15M-26JAN160745-45,no,buy,1,0.35,35,65,0.3500,0.6500,True,,2026-01-16T12:31:24.588693Z,1768566684
70168aca-f9b1-4216-caa5-6227da73647a,70168aca-f9b1-4216-caa5-6227da73647a,2e70209c-2797-434c-90de-8e07bf0ca427,KXBTC15M-26JAN160730-30,KXBTC15M-26JAN160730-30,yes,buy,1,0.65,65,35,0.6500,0.3500,True,,2026-01-16T12:18:06.237474Z,1768565886
8f127c7d-bbf6-76d5-ca00-4049aaf8d5e2,8f127c7d-bbf6-76d5-ca00-4049aaf8d5e2,eaa11760-236d-4ddc-9dd1-26b0f5a84b2b,KXBTC15M-26JAN160730-30,KXBTC15M-26JAN160730-30,yes,buy,1,0.64,64,36,0.6400,0.3600,True,,2026-01-16T12:17:43.622126Z,1768565863
3c607555-4024-52f7-618e-0ce89df57385,3c607555-4024-52f7-618e-0ce89df57385,279f555f-87ca-4511-b345-e0d91220034d,KXBTC15M-26JAN160730-30,KXBTC15M-26JAN160730-30,yes,buy,1,0.63,63,37,0.6300,0.3700,True,,2026-01-16T12:17:34.373105Z,1768565854
f13d68be-e7fb-45d8-6e5e-0e5d79b457ae,f13d68be-e7fb-45d8-6e5e-0e5d79b457ae,f692b340-1e76-40f5-b68e-526c36240205,KXBTC15M-26JAN160730-30,KXBTC15M-26JAN160730-30,yes,buy,1,0.56,56,44,0.5600,0.4400,True,,2026-01-16T12:16:23.099358Z,1768565783
54c06018-1a53-4008-5364-66ac91a7f192,54c06018-1a53-4008-5364-66ac91a7f192,5fedf169-a11c-4181-b9c0-c8504c20eb8a,KXBTC15M-26JAN160730-30,KXBTC15M-26JAN160730-30,yes,buy,1,0.56,56,44,0.5600,0.4400,True,,2026-01-16T12:16:15.786075Z,1768565775
ced6a9e8-6bbb-64e3-e554-3ca9dfca692e,ced6a9e8-6bbb-64e3-e554-3ca9dfca692e,d9cba8c9-a875-488c-9853-5501db696149,KXBTC15M-26JAN160715-15,KXBTC15M-26JAN160715-15,yes,sell,5,0.87,87,13,0.8700,0.1300,True,,2026-01-16T12:13:08.18429Z,1768565588
3c5c1e22-9a2a-4e2b-0b48-87d72521b0ef,3c5c1e22-9a2a-4e2b-0b48-87d72521b0ef,184115cb-81e6-42fa-ac1c-920a935bfc9c,KXBTC15M-26JAN160715-15,KXBTC15M-26JAN160715-15,no,buy,1,0.46,46,54,0.4600,0.5400,True,,2026-01-16T12:01:59.338853Z,1768564919
24cb152b-fe9d-7680-9c93-8f02ff01172f,24cb152b-fe9d-7680-9c93-8f02ff01172f,60d21cf7-ab44-4d66-88b2-855bf624d4b0,KXBTC15M-26JAN160715-15,KXBTC15M-26JAN160715-15,no,buy,1,0.45,45,55,0.4500,0.5500,True,,2026-01-16T12:01:33.809047Z,1768564893
6387a4b6-1982-433b-32bc-067293f24826,6387a4b6-1982-433b-32bc-067293f24826,141084ac-8c11-4048-a558-747f20f93c72,KXBTC15M-26JAN160715-15,KXBTC15M-26JAN160715-15,no,buy,1,0.44,44,56,0.4400,0.5600,True,,2026-01-16T12:01:25.840978Z,1768564885
6ce7732c-cd25-4918-031f-33db465ff5c3,6ce7732c-cd25-4918-031f-33db465ff5c3,a95ac9eb-8da0-4108-a782-5664cee6693d,KXBTC15M-26JAN160715-15,KXBTC15M-26JAN160715-15,no,buy,1,0.44,44,56,0.4400,0.5600,True,,2026-01-16T12:01:13.681254Z,1768564873
92e9c36b-a68e-6a44-b852-d05741cfedef,92e9c36b-a68e-6a44-b852-d05741cfedef,f2ab7cfd-834a-4b9d-8a61-964ea55613ab,KXBTC15M-26JAN160715-15,KXBTC15M-26JAN160715-15,no,buy,1,0.47,47,53,0.4700,0.5300,True,,2026-01-16T12:01:06.073959Z,1768564866
20d1026a-75d0-7aff-8a7f-4f9626b91f34,20d1026a-75d0-7aff-8a7f-4f9626b91f34,cf91f4b4-6d5f-4ef4-8d87-e504b4d23d83,KXBTC15M-26JAN160700-00,KXBTC15M-26JAN160700-00,yes,buy,1,0.64,64,36,0.6400,0.3600,True,,2026-01-16T11:46:58.530033Z,1768564018
f780846a-1562-4746-81fb-87f735c490cc,f780846a-1562-4746-81fb-87f735c490cc,49d2ce85-d030-4168-85ef-af2642a3e93e,KXBTC15M-26JAN160645-45,KXBTC15M-26JAN160645-45,yes,sell,5,0.68,68,32,0.6800,0.3200,True,,2026-01-16T11:40:02.349476Z,1768563602
20ddfe4a-7472-4218-2bae-203e1a623547,20ddfe4a-7472-4218-2bae-203e1a623547,55565f38-05a2-403f-a0cc-2a8df3df90ca,KXBTC15M-26JAN160645-45,KXBTC15M-26JAN160645-45,no,buy,1,0.46,46,54,0.4600,0.5400,True,,2026-01-16T11:31:43.773136Z,1768563103
8fe32b15-0f7c-5964-cf9b-1411a7e365a9,8fe32b15-0f7c-5964-cf9b-1411a7e365a9,38e46a99-4aab-444a-98f8-655abce64c1d,KXBTC15M-26JAN160645-45,KXBTC15M-26JAN160645-45,no,buy,1,0.46,46,54,0.4600,0.5400,True,,2026-01-16T11:31:35.21099Z,1768563095
d4ea1fe9-1247-41a1-bc38-81e1b2963940,d4ea1fe9-1247-41a1-bc38-81e1b2963940,4c645a65-2857-40fa-8156-5b476ba9b0ab,KXBTC15M-26JAN160645-45,KXBTC15M-26JAN160645-45,no,buy,1,0.4,40,60,0.4000,0.6000,True,,2026-01-16T11:31:25.053191Z,1768563085
8a8f92c6-b83f-4959-e80e-3a0920ce35c0,8a8f92c6-b83f-4959-e80e-3a0920ce35c0,9bfd392e-c2c9-42c4-945b-f5bd4f3fb38b,KXBTC15M-26JAN160645-45,KXBTC15M-26JAN160645-45,no,buy,1,0.4,40,60,0.4000,0.6000,True,,2026-01-16T11:31:13.002031Z,1768563073
e1d8964e-909f-4e21-3fd4-9bc0832929b4,e1d8964e-909f-4e21-3fd4-9bc0832929b4,c128f80c-c8e1-431a-a1ad-5dcf27c67496,KXBTC15M-26JAN160645-45,KXBTC15M-26JAN160645-45,no,buy,1,0.4,40,60,0.4000,0.6000,True,,2026-01-16T11:31:04.175495Z,1768563064
46d3e35d-296b-4079-25a4-b8700bddf788,46d3e35d-296b-4079-25a4-b8700bddf788,c7d19c69-8226-43d9-adb4-c93e77bbd656,KXBTC15M-26JAN160630-30,KXBTC15M-26JAN160630-30,no,buy,1,0.5,50,50,0.5000,0.5000,True,,2026-01-16T11:16:37.571254Z,1768562197
f2232d53-5ef1-69e9-c4ee-a64c2ff8ab16,f2232d53-5ef1-69e9-c4ee-a64c2ff8ab16,cb45b80c-cc27-4a01-9994-65903e5d784f,KXBTC15M-26JAN160630-30,KXBTC15M-26JAN160630-30,no,buy,1,0.57,57,43,0.5700,0.4300,True,,2026-01-16T11:16:30.48557Z,1768562190
21ab260b-58c7-6c50-189e-226adb2fcbae,21ab260b-58c7-6c50-189e-226adb2fcbae,74fb913b-f0c7-4a6c-ada6-2a09f5a5cbed,KXBTC15M-26JAN160630-30,KXBTC15M-26JAN160630-30,no,buy,1,0.53,53,47,0.5300,0.4700,True,,2026-01-16T11:16:18.308165Z,1768562178
c045d8d0-d41b-7d68-9e82-302ca027a2a2,c045d8d0-d41b-7d68-9e82-302ca027a2a2,4c802e8d-13f0-4e22-8c21-2e986b67d1ae,KXBTC15M-26JAN160630-30,KXBTC15M-26JAN160630-30,no,buy,1,0.53,53,47,0.5300,0.4700,True,,2026-01-16T11:16:11.080067Z,1768562171
e257e78c-4c41-58e4-172d-d55d5c4e83ba,e257e78c-4c41-58e4-172d-d55d5c4e83ba,c377413b-1455-4425-ad56-931cb802b310,KXBTC15M-26JAN160630-30,KXBTC15M-26JAN160630-30,no,buy,1,0.54,54,46,0.5400,0.4600,True,,2026-01-16T11:16:03.976408Z,1768562163
386b29c6-8083-5347-a42e-ecb24ef7b884,386b29c6-8083-5347-a42e-ecb24ef7b884,b6731588-f474-4683-8bd7-078fa74645d6,KXBTC15M-26JAN160615-15,KXBTC15M-26JAN160615-15,yes,sell,5,0.83,83,17,0.8300,0.1700,True,,2026-01-16T11:13:16.915264Z,1768561996
190e5989-2ed9-73fa-dd8e-c70338bad8d8,190e5989-2ed9-73fa-dd8e-c70338bad8d8,acec339c-0591-4e02-915d-0a2e8641f1f9,KXBTC15M-26JAN160615-15,KXBTC15M-26JAN160615-15,no,buy,1,0.46,46,54,0.4600,0.5400,True,,2026-01-16T11:01:51.206386Z,1768561311
a118ee3e-dfb2-58dd-9157-b90d49b99759,a118ee3e-dfb2-58dd-9157-b90d49b99759,cd372c69-3a11-475f-86dc-0d4c05b85d4d,KXBTC15M-26JAN160615-15,KXBTC15M-26JAN160615-15,no,buy,1,0.47,47,53,0.4700,0.5300,True,,2026-01-16T11:01:41.324851Z,1768561301
34a9be1d-27da-7fc1-12ad-874e7df388d5,34a9be1d-27da-7fc1-12ad-874e7df388d5,285b7861-c40b-4e98-a622-82dcc8aadaae,KXBTC15M-26JAN160615-15,KXBTC15M-26JAN160615-15,no,buy,1,0.47,47,53,0.4700,0.5300,True,,2026-01-16T11:01:31.019591Z,1768561291
5df81dcc-0736-6ef9-a726-021ac32aa105,5df81dcc-0736-6ef9-a726-021ac32aa105,720f1095-8c30-4ad6-8b40-6389e71c90da,KXBTC15M-26JAN160615-15,KXBTC15M-26JAN160615-15,no,buy,1,0.47,47,53,0.4700,0.5300,True,,2026-01-16T11:01:21.478988Z,1768561281
b8fe005f-5963-5375-6a17-3632a4d3800d,b8fe005f-5963-5375-6a17-3632a4d3800d,ecd09c81-bd99-45ab-b128-f03e8abbd7ef,KXBTC15M-26JAN160615-15,KXBTC15M-26JAN160615-15,no,buy,1,0.48,48,52,0.4800,0.5200,True,,2026-01-16T11:01:14.18062Z,1768561274
10e66648-3138-6a91-b14e-e31b65b61afd,10e66648-3138-6a91-b14e-e31b65b61afd,c11b49d5-4c76-4817-8845-3a09e909ee46,KXBTC15M-26JAN160600-00,KXBTC15M-26JAN160600-00,yes,buy,1,0.15,15,85,0.1500,0.8500,True,,2026-01-16T10:54:55.797445Z,1768560895
a5e3d897-083a-5fa9-a32e-c663d00d160b,a5e3d897-083a-5fa9-a32e-c663d00d160b,fa1000ae-c832-467f-8a6f-0e4cee3c72c5,KXBTC15M-26JAN160600-00,KXBTC15M-26JAN160600-00,yes,buy,1,0.15,15,85,0.1500,0.8500,True,,2026-01-16T10:54:43.55465Z,1768560883
aae3ffe2-b64d-6ae8-a513-1c3d9d6fc333,aae3ffe2-b64d-6ae8-a513-1c3d9d6fc333,328dd2e3-e786-4b52-8af2-6036c83626c4,KXBTC15M-26JAN160600-00,KXBTC15M-26JAN160600-00,yes,buy,1,0.18,18,82,0.1800,0.8200,True,,2026-01-16T10:54:18.771568Z,1768560858
9f37d666-cd39-7f21-73b3-6d8854a33ec1,9f37d666-cd39-7f21-73b3-6d8854a33ec1,f85cc18d-c742-4d1a-b9dd-05079e1ef1ef,KXBTC15M-26JAN160600-00,KXBTC15M-26JAN160600-00,yes,buy,1,0.28,28,72,0.2800,0.7200,True,,2026-01-16T10:53:49.221984Z,1768560829
990d6c48-603b-6072-a43c-5b2c08a88c71,990d6c48-603b-6072-a43c-5b2c08a88c71,4285ac07-568b-4a30-86c7-5ec8b448df5b,KXBTC15M-26JAN160600-00,KXBTC15M-26JAN160600-00,yes,buy,1,0.31,31,69,0.3100,0.6900,True,,2026-01-16T10:53:37.047157Z,1768560817
a35ff2be-4c22-57ee-eb5d-d38a05be39b2,a35ff2be-4c22-57ee-eb5d-d38a05be39b2,35f2cc45-db8e-4449-935a-06d5207571e0,KXBTC15M-26JAN160600-00,KXBTC15M-26JAN160600-00,yes,sell,5,0.72,72,28,0.7200,0.2800,True,,2026-01-16T10:48:28.476473Z,1768560508
c29d6fff-219a-612c-01ec-a393837a7803,c29d6fff-219a-612c-01ec-a393837a7803,4557af24-92ee-4a8e-a970-1ec95b0c4535,KXBTC15M-26JAN160600-00,KXBTC15M-26JAN160600-00,no,buy,1,0.72,72,28,0.7200,0.2800,True,,2026-01-16T10:47:12.172176Z,1768560432
0ba79cb3-b2d5-56df-d52d-f19ecbe272cb,0ba79cb3-b2d5-56df-d52d-f19ecbe272cb,af7c571a-48df-4432-991a-5c1de89c6c7f,KXBTC15M-26JAN160600-00,KXBTC15M-26JAN160600-00,no,buy,1,0.69,69,31,0.6900,0.3100,True,,2026-01-16T10:46:59.019575Z,1768560419
c005ce47-77c3-6fb3-df89-8a9cb2e83a2b,c005ce47-77c3-6fb3-df89-8a9cb2e83a2b,4e5ea569-13bb-49ab-981c-4b6f81713ab2,KXBTC15M-26JAN160600-00,KXBTC15M-26JAN160600-00,no,buy,1,0.69,69,31,0.6900,0.3100,True,,2026-01-16T10:46:28.345854Z,1768560388
a32d51ea-2dae-5d26-1eba-a8a9283f0791,a32d51ea-2dae-5d26-1eba-a8a9283f0791,6797f7dc-cedc-4669-a58e-074208135fd2,KXBTC15M-26JAN160600-00,KXBTC15M-26JAN160600-00,no,buy,1,0.67,67,33,0.6700,0.3300,True,,2026-01-16T10:46:20.820401Z,1768560380
650340c0-dda3-458e-f3df-79f3ae52d294,650340c0-dda3-458e-f3df-79f3ae52d294,fbf9c500-adf7-4168-9667-8fb97fea0fbd,KXBTC15M-26JAN160600-00,KXBTC15M-26JAN160600-00,no,buy,1,0.62,62,38,0.6200,0.3800,True,,2026-01-16T10:46:10.043412Z,1768560370
2c934ca3-a112-6d5a-8318-e8ea32ba7942,2c934ca3-a112-6d5a-8318-e8ea32ba7942,e8f9745d-6db0-4a96-8cc0-d47606fe4bcc,KXBTC15M-26JAN160545-45,KXBTC15M-26JAN160545-45,no,buy,1,0.43,43,57,0.4300,0.5700,True,,2026-01-16T10:32:39.260051Z,1768559559
a15ef074-dc20-7225-1ab4-c1cb153d3f54,a15ef074-dc20-7225-1ab4-c1cb153d3f54,7f71c139-9375-4f18-a9cf-7e22e3b4baf1,KXBTC15M-26JAN160545-45,KXBTC15M-26JAN160545-45,no,buy,1,0.43,43,57,0.4300,0.5700,True,,2026-01-16T10:32:23.820592Z,1768559543
5e3f95c9-dbe0-4b85-31c6-bf3b63ec8f18,5e3f95c9-dbe0-4b85-31c6-bf3b63ec8f18,00a99856-d285-4170-a313-e19efe00d6e2,KXBTC15M-26JAN160545-45,KXBTC15M-26JAN160545-45,no,buy,1,0.43,43,57,0.4300,0.5700,True,,2026-01-16T10:32:15.142752Z,1768559535
9df0a7d0-15af-75d4-1f02-ad1cf1786a08,9df0a7d0-15af-75d4-1f02-ad1cf1786a08,db9c8392-e23e-4e62-a29d-8ceff8e6f381,KXBTC15M-26JAN160545-45,KXBTC15M-26JAN160545-45,no,buy,1,0.4,40,60,0.4000,0.6000,True,,2026-01-16T10:31:31.217077Z,1768559491
442db56a-5ea6-4c53-52e6-1c0075157163,442db56a-5ea6-4c53-52e6-1c0075157163,342a424b-a9ce-4157-b57a-93235f6986bf,KXBTC15M-26JAN160545-45,KXBTC15M-26JAN160545-45,no,buy,1,0.41,41,59,0.4100,0.5900,True,,2026-01-16T10:31:23.977Z,1768559483
f4ad4842-22bf-69b1-f82a-17e51aa507c5,f4ad4842-22bf-69b1-f82a-17e51aa507c5,670c9236-ba7f-4a89-9f7b-89722a97d631,KXBTC15M-26JAN160530-30,KXBTC15M-26JAN160530-30,yes,buy,1,0.06,6,94,0.0600,0.9400,True,,2026-01-16T10:23:04.344971Z,1768558984
3ce39af7-9cab-4025-07ab-7276d41b84c5,3ce39af7-9cab-4025-07ab-7276d41b84c5,551f269b-d5fa-40ec-a09b-d016d93876f1,KXBTC15M-26JAN160530-30,KXBTC15M-26JAN160530-30,yes,buy,1,0.06,6,94,0.0600,0.9400,True,,2026-01-16T10:22:56.472128Z,1768558976
ca610f6b-57b7-548d-071f-d7be6d856091,ca610f6b-57b7-548d-071f-d7be6d856091,e8bf83fc-e73d-45c6-a0b6-f964f75fcfe4,KXBTC15M-26JAN160530-30,KXBTC15M-26JAN160530-30,yes,buy,1,0.06,6,94,0.0600,0.9400,True,,2026-01-16T10:22:49.08141Z,1768558969
887bfb6d-1396-6dba-4cc0-7bf91e6d7b0d,887bfb6d-1396-6dba-4cc0-7bf91e6d7b0d,e4447d15-ac72-4a8f-b257-d09dfa3e3124,KXBTC15M-26JAN160530-30,KXBTC15M-26JAN160530-30,yes,buy,1,0.12,12,88,0.1200,0.8800,True,,2026-01-16T10:17:18.00472Z,1768558638
163ee49a-2fba-48ae-b2f6-a160df1d420d,163ee49a-2fba-48ae-b2f6-a160df1d420d,43d53ae8-6379-43ca-8dda-663b8a623f64,KXBTC15M-26JAN160530-30,KXBTC15M-26JAN160530-30,yes,buy,1,0.12,12,88,0.1200,0.8800,True,,2026-01-16T10:17:10.369345Z,1768558630
2319a80b-f6b2-5efa-8aa1-bd886838d322,2319a80b-f6b2-5efa-8aa1-bd886838d322,ac90f5f5-8abd-46c6-8eeb-ddf21327a156,KXBTC15M-26JAN160515-15,KXBTC15M-26JAN160515-15,no,buy,1,0.33,33,67,0.3300,0.6700,True,,2026-01-16T10:03:38.359277Z,1768557818
c448c0af-ddf0-51ac-fd25-5d524d53f812,c448c0af-ddf0-51ac-fd25-5d524d53f812,84b84d23-6844-443b-9d50-150214437d73,KXBTC15M-26JAN160515-15,KXBTC15M-26JAN160515-15,no,buy,1,0.33,33,67,0.3300,0.6700,True,,2026-01-16T10:03:23.047632Z,1768557803
62c5f585-23c6-76b8-c596-f4edda7a0b99,62c5f585-23c6-76b8-c596-f4edda7a0b99,a8b0dfe2-4f59-4f78-9196-e34fa59c1eb4,KXBTC15M-26JAN160515-15,KXBTC15M-26JAN160515-15,no,buy,1,0.32,32,68,0.3200,0.6800,True,,2026-01-16T10:03:15.020693Z,1768557795
7e863d15-7ee6-4660-e1b5-7946f75e4e35,7e863d15-7ee6-4660-e1b5-7946f75e4e35,5cc9de73-73fe-43fe-9897-ca3f4f2ad2e2,KXBTC15M-26JAN160515-15,KXBTC15M-26JAN160515-15,no,buy,1,0.34,34,66,0.3400,0.6600,True,,2026-01-16T10:03:07.274862Z,1768557787
7659e265-e6b9-6f36-9f4c-4e7d4b0d8eab,7659e265-e6b9-6f36-9f4c-4e7d4b0d8eab,064fe743-8e82-49a5-85c7-5e7ae8b0e5c7,KXBTC15M-26JAN160515-15,KXBTC15M-26JAN160515-15,no,buy,1,0.47,47,53,0.4700,0.5300,True,,2026-01-16T10:01:41.770285Z,1768557701
f65cb27a-65ee-5362-5880-4d567392ca37,f65cb27a-65ee-5362-5880-4d567392ca37,637d6c72-4eb2-4748-bb53-81592d3af4a1,KXBTC15M-26JAN160500-00,KXBTC15M-26JAN160500-00,no,buy,1,0.32,32,68,0.3200,0.6800,True,,2026-01-16T09:46:54.933362Z,1768556814
20cdbada-601d-6114-d964-6f9c7ca8e0fb,20cdbada-601d-6114-d964-6f9c7ca8e0fb,b1e1e3c0-aa13-4afc-9dc6-b0512cd3a47a,KXBTC15M-26JAN160500-00,KXBTC15M-26JAN160500-00,no,buy,1,0.37,37,63,0.3700,0.6300,True,,2026-01-16T09:46:44.514403Z,1768556804
1d02478a-72ce-553e-0ac5-8a3ae224bbde,1d02478a-72ce-553e-0ac5-8a3ae224bbde,bf08775f-c63c-456a-aed6-8f31022c3e95,KXBTC15M-26JAN160500-00,KXBTC15M-26JAN160500-00,no,buy,1,0.38,38,62,0.3800,0.6200,True,,2026-01-16T09:46:27.291528Z,1768556787
ff9a6bc1-2c2d-5345-613a-090585837439,ff9a6bc1-2c2d-5345-613a-090585837439,3dcd03d5-ce12-4422-b0f2-8eee990d5479,KXBTC15M-26JAN160500-00,KXBTC15M-26JAN160500-00,no,buy,1,0.39,39,61,0.3900,0.6100,True,,2026-01-16T09:46:19.619746Z,1768556779
89662d0f-f266-5d4e-2608-b5e4e40faffa,89662d0f-f266-5d4e-2608-b5e4e40faffa,5a116dfe-a616-4776-a5e5-c0c683a6fb9c,KXBTC15M-26JAN160500-00,KXBTC15M-26JAN160500-00,no,buy,1,0.38,38,62,0.3800,0.6200,True,,2026-01-16T09:46:10.454309Z,1768556770
f69c8cfd-4f1f-5e0d-a0e1-272a9bb6d94c,f69c8cfd-4f1f-5e0d-a0e1-272a9bb6d94c,6683fee8-515e-4414-8bea-a00f73e1a10e,KXBTC15M-26JAN160445-45,KXBTC15M-26JAN160445-45,no,buy,1,0.07,7,93,0.0700,0.9300,True,,2026-01-16T09:43:15.005187Z,1768556595
3124f3f4-1bac-5484-7438-721e4bc36a08,3124f3f4-1bac-5484-7438-721e4bc36a08,4fe7f4de-d68c-46e4-bca7-05b6a9c50e33,KXBTC15M-26JAN160445-45,KXBTC15M-26JAN160445-45,no,buy,1,0.33,33,67,0.3300,0.6700,True,,2026-01-16T09:31:24.907613Z,1768555884
16bd06c8-5cbd-7e3d-4f29-49777a47cc51,16bd06c8-5cbd-7e3d-4f29-49777a47cc51,df91abf3-6702-4eb4-b5d8-86ae7991fd8d,KXBTC15M-26JAN160445-45,KXBTC15M-26JAN160445-45,no,buy,1,0.36,36,64,0.3600,0.6400,True,,2026-01-16T09:31:14.912862Z,1768555874
e6173096-fb03-6c00-96b8-80a5b4ab169c,e6173096-fb03-6c00-96b8-80a5b4ab169c,094757e3-c011-48c1-8d47-3a13d0495b48,KXBTC15M-26JAN160445-45,KXBTC15M-26JAN160445-45,no,buy,1,0.38,38,62,0.3800,0.6200,True,,2026-01-16T09:31:07.32937Z,1768555867
aef6406b-0c8c-426f-136c-6792ca696260,aef6406b-0c8c-426f-136c-6792ca696260,311d98a0-f072-4265-af7e-c56866dcd861,KXBTC15M-26JAN160430-30,KXBTC15M-26JAN160430-30,no,buy,1,0.15,15,85,0.1500,0.8500,True,,2026-01-16T09:28:45.755248Z,1768555725
e500b7f4-a462-66c2-c0dd-6b952c5e9c98,e500b7f4-a462-66c2-c0dd-6b952c5e9c98,ccb2d517-fc96-492c-9c3f-850f14cf6517,KXBTC15M-26JAN160430-30,KXBTC15M-26JAN160430-30,no,buy,1,0.06,6,94,0.0600,0.9400,True,,2026-01-16T09:28:37.695743Z,1768555717
542ad7a1-b942-4327-6f3d-e2776dce1642,542ad7a1-b942-4327-6f3d-e2776dce1642,ac4a7702-dc94-43d5-b496-dae638f48a41,KXBTC15M-26JAN160430-30,KXBTC15M-26JAN160430-30,no,buy,1,0.05,5,95,0.0500,0.9500,True,,2026-01-16T09:28:22.06244Z,1768555702
e9dab4c0-1e68-7d48-5b4b-f6edf0c1b91d,e9dab4c0-1e68-7d48-5b4b-f6edf0c1b91d,2ab8a3a5-74a3-4cd1-bc27-924717941453,KXBTC15M-26JAN160430-30,KXBTC15M-26JAN160430-30,no,buy,1,0.05,5,95,0.0500,0.9500,True,,2026-01-16T09:28:14.839798Z,1768555694
ba80dbc6-ce3d-675a-4986-7e39f2e90eb6,ba80dbc6-ce3d-675a-4986-7e39f2e90eb6,8b8774a4-7a94-4b42-bd2c-df94e31bf26c,KXBTC15M-26JAN160430-30,KXBTC15M-26JAN160430-30,no,buy,1,0.05,5,95,0.0500,0.9500,True,,2026-01-16T09:28:05.86069Z,1768555685
dd97b64b-6f23-7a81-6d28-b8b28253fe86,dd97b64b-6f23-7a81-6d28-b8b28253fe86,1e9fd58d-59e3-4f73-b835-36d73ad0e21a,KXBTC15M-26JAN160430-30,KXBTC15M-26JAN160430-30,no,sell,2,0.06,6,94,0.0600,0.9400,True,,2026-01-16T09:27:36.046012Z,1768555656
e2da6d53-50d0-4cf0-6c45-06cc13bc1a00,e2da6d53-50d0-4cf0-6c45-06cc13bc1a00,ac8d669f-7c15-4265-b38c-40db60d8e8e7,KXBTC15M-26JAN160430-30,KXBTC15M-26JAN160430-30,no,sell,2,0.1,10,90,0.1000,0.9000,True,,2026-01-16T09:23:03.405818Z,1768555383
