fill_id,trade_id,order_id,ticker,market_ticker,side,action,count,price,yes_price,no_price,yes_price_fixed,no_price_fixed,is_taker,client_order_id,created_time,ts
5ef83595-b022-408d-451a-5893609d225c,5ef83595-b022-408d-451a-5893609d225c,5d3575e8-47b9-4178-bd36-d0164ec29d6e,KXBTC15M-26JAN131530-30,KXBTC15M-26JAN131530-30,yes,buy,2,0.62,62,38,0.6200,0.3800,True,,2026-01-13T20:19:21.403384Z,1768335561
378c2c2a-0bde-668a-a02f-a23339e061db,378c2c2a-0bde-668a-a02f-a23339e061db,ec1971f1-4785-4ad9-8d5b-c0fada38ec6b,KXBTC15M-26JAN131530-30,KXBTC15M-26JAN131530-30,yes,buy,1,0.62,62,38,0.6200,0.3800,True,,2026-01-13T20:19:09.062023Z,1768335549
ea390d50-f54c-6518-7412-b332f71d7f6f,ea390d50-f54c-6518-7412-b332f71d7f6f,fb3c9662-6240-49ce-bbc8-3ed48d52e08d,KXBTC15M-26JAN131515-15,KXBTC15M-26JAN131515-15,yes,sell,1,0.62,62,38,0.6200,0.3800,True,,2026-01-13T20:02:03.984773Z,1768334523
6b1f4417-ff7b-5ef0-856f-e72b971c4161,6b1f4417-ff7b-5ef0-856f-e72b971c4161,31ab9f39-1da3-4712-8e1f-b57f2cc39e1a,KXBTC15M-26JAN131515-15,KXBTC15M-26JAN131515-15,no,buy,1,0.45,45,55,0.4500,0.5500,True,,2026-01-13T20:01:33.432756Z,1768334493
4c7431d4-1d18-61ab-b1f9-7ed63bc0cb85,4c7431d4-1d18-61ab-b1f9-7ed63bc0cb85,950eab04-92af-4b98-84a1-5c74323cf9be,KXBTC15M-26JAN131500-00,KXBTC15M-26JAN131500-00,yes,sell,1,0.7,70,30,0.7000,0.3000,True,,2026-01-13T19:52:12.918652Z,1768333932
ad58201a-81fe-55c7-e6a7-9fbef5325921,ad58201a-81fe-55c7-e6a7-9fbef5325921,4d77ba73-b388-4543-981b-9785574de9c2,KXBTC15M-26JAN131500-00,KXBTC15M-26JAN131500-00,no,buy,1,0.49,49,51,0.4900,0.5100,True,,2026-01-13T19:49:36.042319Z,1768333776
563fa63c-9595-5d45-12f2-0ff39b4a8d7c,563fa63c-9595-5d45-12f2-0ff39b4a8d7c,68945bed-3383-4670-ab46-07ad146a6e07,KXBTC15M-26JAN131445-45,KXBTC15M-26JAN131445-45,yes,buy,2,0.89,89,11,0.8900,0.1100,True,,2026-01-13T19:34:13.0884Z,1768332853
27d29791-13cb-74a0-8e72-dca941af9ba3,27d29791-13cb-74a0-8e72-dca941af9ba3,39610f23-36dc-4d96-8b55-8cc3926bac44,KXBTC15M-26JAN131430-30,KXBTC15M-26JAN131430-30,yes,sell,2,0.65,65,35,0.6500,0.3500,True,,2026-01-13T19:19:22.187507Z,1768331962
e03fa88b-02af-64b0-df50-ba658a984928,e03fa88b-02af-64b0-df50-ba658a984928,9381bb1f-547f-480a-94fc-8348b238528e,KXBTC15M-26JAN131430-30,KXBTC15M-26JAN131430-30,no,buy,1,0.47,47,53,0.4700,0.5300,True,,2026-01-13T19:18:39.617641Z,1768331919
171f8065-f5eb-4c1b-a289-307f965c8576,171f8065-f5eb-4c1b-a289-307f965c8576,74097950-a3b4-4254-818e-66bd6189b9e9,KXBTC15M-26JAN131430-30,KXBTC15M-26JAN131430-30,no,buy,1,0.5,50,50,0.5000,0.5000,True,,2026-01-13T19:16:19.449365Z,1768331779
64dd80b6-75d2-78f5-ec15-0a44c19997c0,64dd80b6-75d2-78f5-ec15-0a44c19997c0,ea28e72f-6ee3-4c1e-9000-26924fd87e82,KXBTC15M-26JAN131415-15,KXBTC15M-26JAN131415-15,no,sell,2,0.36,36,64,0.3600,0.6400,True,,2026-01-13T19:03:36.685376Z,1768331016
8fa02570-d4cb-6bdc-7bc7-f866d6af3cf8,8fa02570-d4cb-6bdc-7bc7-f866d6af3cf8,42db4dea-c5e7-483f-bf7d-f3ba03c7cdb0,KXBTC15M-26JAN131415-15,KXBTC15M-26JAN131415-15,yes,buy,1,0.58,58,42,0.5800,0.4200,True,,2026-01-13T19:02:00.412693Z,1768330920
bdf54f38-7bd0-6e05-dcbe-d3de9460faf8,bdf54f38-7bd0-6e05-dcbe-d3de9460faf8,c33fde66-c444-4978-9f37-88980eace02b,KXBTC15M-26JAN131415-15,KXBTC15M-26JAN131415-15,yes,buy,1,0.59,59,41,0.5900,0.4100,True,,2026-01-13T19:01:36.251407Z,1768330896
82cf6849-adca-4f13-fc7b-c8a1951b68b6,82cf6849-adca-4f13-fc7b-c8a1951b68b6,52a2280e-cc25-406c-977e-e34521f53575,KXBTC15M-26JAN131400-00,KXBTC15M-26JAN131400-00,no,sell,1,0.27,27,73,0.2700,0.7300,True,,2026-01-13T18:51:12.312267Z,1768330272
4a3fccd1-5254-4179-dc82-24be6dc4afe9,4a3fccd1-5254-4179-dc82-24be6dc4afe9,ef482e1c-d868-431d-9402-c7e3055f1998,KXBTC15M-26JAN131400-00,KXBTC15M-26JAN131400-00,yes,buy,1,0.55,55,45,0.5500,0.4500,True,,2026-01-13T18:46:31.908654Z,1768329991
ccf1d855-27af-67bb-ae9d-f8a589a8b7a9,ccf1d855-27af-67bb-ae9d-f8a589a8b7a9,8938c298-e923-482f-85f6-f76864b6c194,KXBTC15M-26JAN131345-45,KXBTC15M-26JAN131345-45,no,sell,2,0.42,42,58,0.4200,0.5800,True,,2026-01-13T18:41:34.645288Z,1768329694
01300ff7-2a11-592f-6d33-bd450f80f09b,01300ff7-2a11-592f-6d33-bd450f80f09b,7b1b0746-13ff-45c8-bae7-f9fa24f9abef,KXBTC15M-26JAN131345-45,KXBTC15M-26JAN131345-45,yes,buy,1,0.87,87,13,0.8700,0.1300,True,,2026-01-13T18:37:22.204322Z,1768329442
62485c70-b2e0-536b-1420-2e12602f2bfc,62485c70-b2e0-536b-1420-2e12602f2bfc,f74303c1-e63c-4721-a7b7-6602bab116c0,KXBTC15M-26JAN131345-45,KXBTC15M-26JAN131345-45,yes,buy,1,0.5,50,50,0.5000,0.5000,True,,2026-01-13T18:31:47.15074Z,1768329107
75a35ed4-276a-789c-8a8b-e3d5fb424073,75a35ed4-276a-789c-8a8b-e3d5fb424073,ed010f4b-eaaf-4fc1-8d46-d02508f9a3c3,KXBTC15M-26JAN131330-30,KXBTC15M-26JAN131330-30,yes,sell,3,0.78,78,22,0.7800,0.2200,True,,2026-01-13T18:21:04.236979Z,1768328464
5e610c3e-f055-7e96-d73f-2340c605dcf8,5e610c3e-f055-7e96-d73f-2340c605dcf8,8a941c8f-cfaf-4dd3-95d9-bff1f8e108f5,KXBTC15M-26JAN131330-30,KXBTC15M-26JAN131330-30,no,buy,1,0.68,68,32,0.6800,0.3200,True,,2026-01-13T18:19:27.452655Z,1768328367
ee129c47-f142-7143-c776-863369ede7fd,ee129c47-f142-7143-c776-863369ede7fd,ba2dd27e-c0d9-4f4e-917b-4e76cfa0ed32,KXBTC15M-26JAN131330-30,KXBTC15M-26JAN131330-30,no,buy,1,0.7,70,30,0.7000,0.3000,True,,2026-01-13T18:19:21.042061Z,1768328361
680cb471-81af-57cb-178d-38c2176b17b9,680cb471-81af-57cb-178d-38c2176b17b9,19d65e70-9e2d-468c-a292-6548550d512a,KXBTC15M-26JAN131330-30,KXBTC15M-26JAN131330-30,no,buy,1,0.7,70,30,0.7000,0.3000,True,,2026-01-13T18:19:14.539369Z,1768328354
c31faa02-f74f-4e41-1fe5-6d1a609d01d6,c31faa02-f74f-4e41-1fe5-6d1a609d01d6,d1242bdb-05b1-4399-a489-f6a847a434cc,KXBTC15M-26JAN131315-15,KXBTC15M-26JAN131315-15,yes,sell,3,0.91,91,9,0.9100,0.0900,True,,2026-01-13T18:05:50.454048Z,1768327550
aa2507e1-5c69-7149-1fae-c4ff9ba710c3,aa2507e1-5c69-7149-1fae-c4ff9ba710c3,4f568e86-dac4-4f8d-aed5-1814b093d64c,KXBTC15M-26JAN131315-15,KXBTC15M-26JAN131315-15,no,buy,1,0.85,85,15,0.8500,0.1500,True,,2026-01-13T18:05:01.515004Z,1768327501
e4eb18a1-da65-67f1-d31b-6cea2b71603b,e4eb18a1-da65-67f1-d31b-6cea2b71603b,dce50956-fb47-4a23-9df8-7211dca64a72,KXBTC15M-26JAN131315-15,KXBTC15M-26JAN131315-15,no,buy,1,0.85,85,15,0.8500,0.1500,True,,2026-01-13T18:04:54.96791Z,1768327494
4b6f951d-7fac-5a35-3325-22ac15ab6db6,4b6f951d-7fac-5a35-3325-22ac15ab6db6,1f052184-bf2f-472e-a741-437276a67d9c,KXBTC15M-26JAN131315-15,KXBTC15M-26JAN131315-15,no,buy,1,0.82,82,18,0.8200,0.1800,True,,2026-01-13T18:04:48.613622Z,1768327488
566acca6-52bc-7c1e-3fb8-3e4e4ad9fff5,566acca6-52bc-7c1e-3fb8-3e4e4ad9fff5,935df042-122d-4ede-a3c1-6e412a849b3f,KXBTC15M-26JAN131300-00,KXBTC15M-26JAN131300-00,yes,sell,1,0.65,65,35,0.6500,0.3500,True,,2026-01-13T17:50:50.806269Z,1768326650
f7401633-b2e7-4360-321d-5e47183995a6,f7401633-b2e7-4360-321d-5e47183995a6,61bdd827-5f77-41de-a56a-f39b628a8eb2,KXBTC15M-26JAN131300-00,KXBTC15M-26JAN131300-00,no,buy,1,0.59,59,41,0.5900,0.4100,True,,2026-01-13T17:48:19.883498Z,1768326499
846d48ad-f8ba-435c-13cc-7c6ea380fd16,846d48ad-f8ba-435c-13cc-7c6ea380fd16,bd32c284-503c-434a-aa63-48bec16125c6,KXBTC15M-26JAN131245-45,KXBTC15M-26JAN131245-45,yes,sell,2,0.49,49,51,0.4900,0.5100,True,,2026-01-13T17:43:27.17993Z,1768326207
5d8f2725-3ded-4dab-1a49-5bf874d26b90,5d8f2725-3ded-4dab-1a49-5bf874d26b90,bd32c284-503c-434a-aa63-48bec16125c6,KXBTC15M-26JAN131245-45,KXBTC15M-26JAN131245-45,yes,sell,1,0.49,49,51,0.4900,0.5100,True,,2026-01-13T17:43:27.17993Z,1768326207
61fc9345-ee9b-7718-b6d0-66d2258eb8dc,61fc9345-ee9b-7718-b6d0-66d2258eb8dc,fa684537-e40a-4d0d-841c-5e55a0c163b3,KXBTC15M-26JAN131245-45,KXBTC15M-26JAN131245-45,no,buy,1,0.37,37,63,0.3700,0.6300,True,,2026-01-13T17:31:48.324825Z,1768325508
080cc87e-dc8a-5831-8765-0504500aa51b,080cc87e-dc8a-5831-8765-0504500aa51b,db738b98-6374-473b-88ba-3514bb5efcea,KXBTC15M-26JAN131245-45,KXBTC15M-26JAN131245-45,no,buy,2,0.29,29,71,0.2900,0.7100,True,,2026-01-13T17:31:29.734357Z,1768325489
d211d5f2-ac71-60be-3864-b3bedefec049,d211d5f2-ac71-60be-3864-b3bedefec049,d5d3993c-da77-4a9c-a54e-8be52348efdb,KXBTC15M-26JAN131230-30,KXBTC15M-26JAN131230-30,yes,buy,1,0.23,23,77,0.2300,0.7700,True,,2026-01-13T17:18:24.764518Z,1768324704
5ed1d2b4-29bb-75d9-39c7-1c18dd81cc86,5ed1d2b4-29bb-75d9-39c7-1c18dd81cc86,24493cbf-2eaa-4cdc-a1ca-2cda726cda0e,KXBTC15M-26JAN131230-30,KXBTC15M-26JAN131230-30,yes,buy,1,0.21,21,79,0.2100,0.7900,True,,2026-01-13T17:18:18.129184Z,1768324698
7c98d5ae-6e68-79bf-64d6-c51001d236cd,7c98d5ae-6e68-79bf-64d6-c51001d236cd,ee54b676-5956-4ed7-be7f-3a78e6b04b42,KXBTC15M-26JAN131230-30,KXBTC15M-26JAN131230-30,yes,buy,1,0.53,53,47,0.5300,0.4700,True,,2026-01-13T17:16:54.111856Z,1768324614
9d873f1e-273d-4262-c2d4-6e46de84874f,9d873f1e-273d-4262-c2d4-6e46de84874f,dca1bdd2-b942-41f8-920e-8f873400fe48,KXBTC15M-26JAN131215-15,KXBTC15M-26JAN131215-15,no,sell,3,0.2,20,80,0.2000,0.8000,True,,2026-01-13T17:10:20.915594Z,1768324220
b1ec7842-a68d-6eef-6692-ec61518a3df8,b1ec7842-a68d-6eef-6692-ec61518a3df8,612755f1-c3d4-4aec-bff9-b157217b51f6,KXBTC15M-26JAN131215-15,KXBTC15M-26JAN131215-15,yes,buy,1,0.67,67,33,0.6700,0.3300,True,,2026-01-13T17:08:19.042828Z,1768324099
57490056-24c0-5bc9-7ec9-417c05f32102,57490056-24c0-5bc9-7ec9-417c05f32102,9e487a97-e073-4540-b3fa-7ba96fb4a16c,KXBTC15M-26JAN131215-15,KXBTC15M-26JAN131215-15,yes,buy,1,0.75,75,25,0.7500,0.2500,True,,2026-01-13T17:07:48.293171Z,1768324068
6c4715b8-a535-6382-3a4f-a4e5d173036c,6c4715b8-a535-6382-3a4f-a4e5d173036c,129ddc7e-7100-4837-a6b3-37ded9801b3b,KXBTC15M-26JAN131215-15,KXBTC15M-26JAN131215-15,yes,buy,1,0.71,71,29,0.7100,0.2900,True,,2026-01-13T17:07:29.678005Z,1768324049
b21daf93-e90e-7d55-c878-31acdf5f7116,b21daf93-e90e-7d55-c878-31acdf5f7116,213b573d-a36e-4fcd-9d2d-f01998f88b5c,KXBTC15M-26JAN131200-00,KXBTC15M-26JAN131200-00,no,sell,3,0.45,45,55,0.4500,0.5500,True,,2026-01-13T16:56:56.999146Z,1768323416
ddeae701-8301-652a-c6e5-baa541b26128,ddeae701-8301-652a-c6e5-baa541b26128,14a18206-2224-48f4-9344-e4f410c46eab,KXBTC15M-26JAN131200-00,KXBTC15M-26JAN131200-00,yes,buy,1,0.76,76,24,0.7600,0.2400,True,,2026-01-13T16:50:08.464863Z,1768323008
88aad91e-cafa-6eda-c0b5-9f067d82efee,88aad91e-cafa-6eda-c0b5-9f067d82efee,14a18206-2224-48f4-9344-e4f410c46eab,KXBTC15M-26JAN131200-00,KXBTC15M-26JAN131200-00,yes,buy,1,0.76,76,24,0.7600,0.2400,True,,2026-01-13T16:50:08.464863Z,1768323008
34e72e92-4f75-4900-8de6-a04ff7d78d83,34e72e92-4f75-4900-8de6-a04ff7d78d83,173cba07-9bc4-42ae-817e-6e8f259fc00c,KXBTC15M-26JAN131200-00,KXBTC15M-26JAN131200-00,yes,buy,1,0.59,59,41,0.5900,0.4100,True,,2026-01-13T16:47:52.914406Z,1768322872
9b6e2c73-0271-5076-5d27-662e35686446,9b6e2c73-0271-5076-5d27-662e35686446,b1f1ccef-5422-472a-baf3-5e2aa88c2865,KXBTC15M-26JAN131145-45,KXBTC15M-26JAN131145-45,yes,buy,1,0.7,70,30,0.7000,0.3000,True,,2026-01-13T16:31:13.928501Z,1768321873
26bfb49e-893f-5cfe-719c-f02e2e6db67d,26bfb49e-893f-5cfe-719c-f02e2e6db67d,b1f1ccef-5422-472a-baf3-5e2aa88c2865,KXBTC15M-26JAN131145-45,KXBTC15M-26JAN131145-45,yes,buy,2,0.7,70,30,0.7000,0.3000,True,,2026-01-13T16:31:13.928501Z,1768321873
0606f01b-ddd2-79fd-2a1f-356b1a12ce3c,0606f01b-ddd2-79fd-2a1f-356b1a12ce3c,23235342-b85b-4ed3-af16-46909609e519,KXBTC15M-26JAN131130-30,KXBTC15M-26JAN131130-30,no,sell,3,0.38,38,62,0.3800,0.6200,True,,2026-01-13T16:16:30.596601Z,1768320990
d7b8d5d1-8c53-5e6e-2a64-5351254e8d3c,d7b8d5d1-8c53-5e6e-2a64-5351254e8d3c,e103bc86-3af0-4585-a16e-7ae0a67a1d25,KXBTC15M-26JAN131130-30,KXBTC15M-26JAN131130-30,yes,buy,1,0.55,55,45,0.5500,0.4500,True,,2026-01-13T16:16:17.391447Z,1768320977
c2a152e8-4536-70c5-c474-0c8d63857bf4,c2a152e8-4536-70c5-c474-0c8d63857bf4,2bccbf3a-c7cb-4c40-97aa-38494916eee8,KXBTC15M-26JAN131130-30,KXBTC15M-26JAN131130-30,yes,buy,1,0.54,54,46,0.5400,0.4600,True,,2026-01-13T16:16:10.651738Z,1768320970
c84d8c62-72fc-4e39-79c6-d972a68622a2,c84d8c62-72fc-4e39-79c6-d972a68622a2,3031b7b8-58e5-417d-bf5f-e2fc31c6bc02,KXBTC15M-26JAN131130-30,KXBTC15M-26JAN131130-30,yes,buy,1,0.5,50,50,0.5000,0.5000,True,,2026-01-13T16:16:04.252499Z,1768320964
0cc5fa01-e6ef-56ea-557a-240446d6e71c,0cc5fa01-e6ef-56ea-557a-240446d6e71c,42519346-8e1a-4601-bed2-b39c7770acde,KXBTC15M-26JAN131115-15,KXBTC15M-26JAN131115-15,no,sell,3,0.51,51,49,0.5100,0.4900,True,,2026-01-13T16:13:46.106031Z,1768320826
c6753d58-5196-6c73-1abd-0a30a676e804,c6753d58-5196-6c73-1abd-0a30a676e804,473f6f94-b2e8-481f-a08c-68e925c5b9a8,KXBTC15M-26JAN131115-15,KXBTC15M-26JAN131115-15,yes,buy,1,0.7,70,30,0.7000,0.3000,True,,2026-01-13T16:01:46.07973Z,1768320106
4334c3f0-13f8-779c-aa0f-fbb2dabb415b,4334c3f0-13f8-779c-aa0f-fbb2dabb415b,2eb87fc3-9033-4e12-834b-ab0f83170d33,KXBTC15M-26JAN131115-15,KXBTC15M-26JAN131115-15,yes,buy,1,0.77,77,23,0.7700,0.2300,True,,2026-01-13T16:01:33.493637Z,1768320093
02031969-e145-7ab3-3df4-c9a1d40f8ffb,02031969-e145-7ab3-3df4-c9a1d40f8ffb,d82a4874-af0a-4ef3-a142-9e1e3668bb0d,KXBTC15M-26JAN131115-15,KXBTC15M-26JAN131115-15,yes,buy,1,0.78,78,22,0.7800,0.2200,True,,2026-01-13T16:01:13.632554Z,1768320073
5357208d-99ad-6fa3-5118-610e6fbe79df,5357208d-99ad-6fa3-5118-610e6fbe79df,53469563-6a8f-484d-bf5a-b5b9be7f12fb,KXBTC15M-26JAN131100-00,KXBTC15M-26JAN131100-00,yes,buy,1,0.67,67,33,0.6700,0.3300,True,,2026-01-13T15:46:22.784471Z,1768319182
b562e095-705d-72ae-dbb3-8f971be81daf,b562e095-705d-72ae-dbb3-8f971be81daf,3c2fa0f2-4767-4e7b-9490-1305c51640e2,KXBTC15M-26JAN131100-00,KXBTC15M-26JAN131100-00,yes,buy,1,0.69,69,31,0.6900,0.3100,True,,2026-01-13T15:46:16.485011Z,1768319176
d601ef5e-3cd2-6fb2-88cc-385e83279963,d601ef5e-3cd2-6fb2-88cc-385e83279963,a968e8a7-06ec-4a55-8298-2717a9b28202,KXBTC15M-26JAN131100-00,KXBTC15M-26JAN131100-00,yes,buy,1,0.7,70,30,0.7000,0.3000,True,,2026-01-13T15:46:10.043571Z,1768319170
c21f9783-0027-6654-8930-de63e781e869,c21f9783-0027-6654-8930-de63e781e869,0053fd5f-66af-4af7-8e2e-a0c176475d60,KXBTC15M-26JAN131045-45,KXBTC15M-26JAN131045-45,yes,buy,1,0.69,69,31,0.6900,0.3100,True,,2026-01-13T15:31:44.386607Z,1768318304
3fc2b9d9-1536-541e-3b61-4209438903ab,3fc2b9d9-1536-541e-3b61-4209438903ab,bf8a8402-51da-45f6-a780-776e940bffd9,KXBTC15M-26JAN131045-45,KXBTC15M-26JAN131045-45,yes,buy,2,0.72,72,28,0.7200,0.2800,True,,2026-01-13T15:31:05.83335Z,1768318265
fa506bbc-a5e6-4047-31ab-e4f5e679d687,fa506bbc-a5e6-4047-31ab-e4f5e679d687,9fc3b20a-bed8-41fb-a4a9-11d5dda12025,KXBTC15M-26JAN131030-30,KXBTC15M-26JAN131030-30,no,buy,1,0.11,11,89,0.1100,0.8900,True,,2026-01-13T15:19:01.661355Z,1768317541
201dc9bf-eb93-4976-160c-9b4f7445ee89,201dc9bf-eb93-4976-160c-9b4f7445ee89,2a8d4901-f4c7-43f8-ae74-3a4d1a3d97c1,KXBTC15M-26JAN131030-30,KXBTC15M-26JAN131030-30,no,buy,2,0.27,27,73,0.2700,0.7300,True,,2026-01-13T15:18:06.171865Z,1768317486
0a337940-0937-7f57-8d1a-fb4c84ec354d,0a337940-0937-7f57-8d1a-fb4c84ec354d,51eb130c-ee45-4d64-8155-67f00cabd535,KXBTC15M-26JAN131015-15,KXBTC15M-26JAN131015-15,yes,sell,3,0.59,59,41,0.5900,0.4100,True,,2026-01-13T15:13:54.524518Z,1768317234
96c478b3-cbd0-4ad3-7f57-8518fa9f8d11,96c478b3-cbd0-4ad3-7f57-8518fa9f8d11,9962803d-ca15-41a3-b72a-73756ef1374f,KXBTC15M-26JAN131015-15,KXBTC15M-26JAN131015-15,no,buy,1,0.26,26,74,0.2600,0.7400,True,,2026-01-13T15:01:56.000468Z,1768316516
31297fd2-0eb3-6da1-45ad-706fdf68f847,31297fd2-0eb3-6da1-45ad-706fdf68f847,9a0b2db4-53d1-4a3e-bc33-6b28bf019962,KXBTC15M-26JAN131015-15,KXBTC15M-26JAN131015-15,no,buy,1,0.3,30,70,0.3000,0.7000,True,,2026-01-13T15:01:43.33989Z,1768316503
87a1ded0-5636-7198-6473-65d491115eab,87a1ded0-5636-7198-6473-65d491115eab,fbf2a15b-3da9-4f05-be79-db6d24b727e2,KXBTC15M-26JAN131015-15,KXBTC15M-26JAN131015-15,no,buy,1,0.32,32,68,0.3200,0.6800,True,,2026-01-13T15:01:12.687873Z,1768316472
6bbf39ad-6f84-5992-ce11-6d5e10a83bc9,6bbf39ad-6f84-5992-ce11-6d5e10a83bc9,cc12f30d-0ce7-4715-9510-f226f3775d00,KXBTC15M-26JAN131000-00,KXBTC15M-26JAN131000-00,no,buy,1,0.26,26,74,0.2600,0.7400,True,,2026-01-13T14:48:55.833974Z,1768315735
45e388e5-553b-6d3c-9197-c68d070a5529,45e388e5-553b-6d3c-9197-c68d070a5529,ce96b247-5a26-4b13-867b-b6d6aae3d8b2,KXBTC15M-26JAN131000-00,KXBTC15M-26JAN131000-00,no,buy,1,0.28,28,72,0.2800,0.7200,True,,2026-01-13T14:48:41.241828Z,1768315721
b73e4f07-1326-6e4b-6769-94adfcc589fb,b73e4f07-1326-6e4b-6769-94adfcc589fb,41a6e6ff-7a1d-4ba8-b5e5-f27e723e4eb9,KXBTC15M-26JAN131000-00,KXBTC15M-26JAN131000-00,no,buy,1,0.28,28,72,0.2800,0.7200,True,,2026-01-13T14:48:34.688855Z,1768315714
9556bc29-bebe-74ff-59a7-7a580df58028,9556bc29-bebe-74ff-59a7-7a580df58028,6e5791ec-68c6-4d7f-be77-7d0263a0b8cc,KXBTC15M-26JAN130945-45,KXBTC15M-26JAN130945-45,no,sell,3,0.43,43,57,0.4300,0.5700,True,,2026-01-13T14:32:51.870196Z,1768314771
9cceaa38-a0c0-7787-aaa0-327ee35a47e9,9cceaa38-a0c0-7787-aaa0-327ee35a47e9,2c7f5db9-ecbc-4cbb-82ca-9b0151e977c6,KXBTC15M-26JAN130945-45,KXBTC15M-26JAN130945-45,yes,buy,1,0.6,60,40,0.6000,0.4000,True,,2026-01-13T14:31:34.452309Z,1768314694
7e153ebb-2c06-6d5a-68a1-28d137cbe90f,7e153ebb-2c06-6d5a-68a1-28d137cbe90f,b7f3a2ce-c006-4a30-b33a-a4256b2a8e65,KXBTC15M-26JAN130945-45,KXBTC15M-26JAN130945-45,yes,buy,1,0.56,56,44,0.5600,0.4400,True,,2026-01-13T14:31:22.253343Z,1768314682
50462407-87bc-5d6c-ab6e-19ed29c23e9e,50462407-87bc-5d6c-ab6e-19ed29c23e9e,ebaf0974-98b5-4735-804d-a2056a42bbaa,KXBTC15M-26JAN130945-45,KXBTC15M-26JAN130945-45,yes,buy,1,0.6,60,40,0.6000,0.4000,True,,2026-01-13T14:31:15.792445Z,1768314675
2b88671e-edac-5f70-ceb2-b19f8bc4cef9,2b88671e-edac-5f70-ceb2-b19f8bc4cef9,ce48b1ae-a401-4567-958e-7ad3d544cd53,KXBTC15M-26JAN130930-30,KXBTC15M-26JAN130930-30,yes,buy,1,0.79,79,21,0.7900,0.2100,True,,2026-01-13T14:17:51.616557Z,1768313871
1c8f028f-2c5c-6c9b-a4be-d6b85e748365,1c8f028f-2c5c-6c9b-a4be-d6b85e748365,6746f62c-860a-48b1-8296-24458ee74e90,KXBTC15M-26JAN130930-30,KXBTC15M-26JAN130930-30,yes,buy,1,0.7,70,30,0.7000,0.3000,True,,2026-01-13T14:17:21.507708Z,1768313841
f88cbdee-3a04-695f-88c3-32c14c1f6305,f88cbdee-3a04-695f-88c3-32c14c1f6305,9e4619f4-c39c-49c0-8989-5d5bca7db688,KXBTC15M-26JAN130930-30,KXBTC15M-26JAN130930-30,yes,buy,1,0.7,70,30,0.7000,0.3000,True,,2026-01-13T14:17:15.139843Z,1768313835
502fc4de-1508-558b-60b0-8c4a404cb518,502fc4de-1508-558b-60b0-8c4a404cb518,b8b71e52-41c8-4613-b81b-b636e2ee8ff3,KXBTC15M-26JAN130915-15,KXBTC15M-26JAN130915-15,no,buy,1,0.26,26,74,0.2600,0.7400,True,,2026-01-13T14:08:09.743877Z,1768313289
235a7283-60ee-77e9-7540-a0417da2c5d5,235a7283-60ee-77e9-7540-a0417da2c5d5,ca95c4fd-1067-4cb6-b68d-27b4e702676e,KXBTC15M-26JAN130915-15,KXBTC15M-26JAN130915-15,no,buy,1,0.27,27,73,0.2700,0.7300,True,,2026-01-13T14:08:03.326738Z,1768313283
097f2b2b-c505-78b6-2ec4-b5b94f6e6fc7,097f2b2b-c505-78b6-2ec4-b5b94f6e6fc7,b6a71c5c-4c25-4f79-a312-37ae7226300a,KXBTC15M-26JAN130915-15,KXBTC15M-26JAN130915-15,no,buy,1,0.28,28,72,0.2800,0.7200,True,,2026-01-13T14:07:51.156385Z,1768313271
e66c1d8d-5a2c-4119-cbe6-93e5a1c4a508,e66c1d8d-5a2c-4119-cbe6-93e5a1c4a508,5559efec-76a2-4298-90bb-ccc65d0f49f3,KXBTC15M-26JAN130900-00,KXBTC15M-26JAN130900-00,no,sell,2,0.29,29,71,0.2900,0.7100,True,,2026-01-13T13:52:00.728936Z,1768312320
ff99f1d4-85c5-6d96-66d2-494bd52bdcfe,ff99f1d4-85c5-6d96-66d2-494bd52bdcfe,b012a930-3df8-4ae4-b84e-b833733f0085,KXBTC15M-26JAN130900-00,KXBTC15M-26JAN130900-00,yes,buy,1,0.35,35,65,0.3500,0.6500,True,,2026-01-13T13:48:38.841376Z,1768312118
69f838b0-b55b-6316-2d50-16b525ed314d,69f838b0-b55b-6316-2d50-16b525ed314d,65b43cb6-0e54-490e-a846-b7a9f38a070d,KXBTC15M-26JAN130900-00,KXBTC15M-26JAN130900-00,yes,buy,1,0.34,34,66,0.3400,0.6600,True,,2026-01-13T13:48:32.412415Z,1768312112
0e849207-51c8-5a3c-f6ce-c5c99179e7df,0e849207-51c8-5a3c-f6ce-c5c99179e7df,40e569a4-8e5d-46fb-93a2-29547b56a0b4,KXBTC15M-26JAN130845-45,KXBTC15M-26JAN130845-45,no,sell,3,0.54,54,46,0.5400,0.4600,True,,2026-01-13T13:39:17.974642Z,1768311557
3ffceeb7-6b2e-56cd-58cb-06a3cbd3d5a0,3ffceeb7-6b2e-56cd-58cb-06a3cbd3d5a0,c740bd4d-2307-4556-bd10-b34188df06e1,KXBTC15M-26JAN130845-45,KXBTC15M-26JAN130845-45,yes,buy,1,0.8,80,20,0.8000,0.2000,True,,2026-01-13T13:31:17.927849Z,1768311077
c10b4f0f-1144-7bca-95b6-e49d882702ab,c10b4f0f-1144-7bca-95b6-e49d882702ab,46569595-279f-4d85-8bd1-120607aabc30,KXBTC15M-26JAN130845-45,KXBTC15M-26JAN130845-45,yes,buy,2,0.83,83,17,0.8300,0.1700,True,,2026-01-13T13:31:11.636501Z,1768311071
5e858fbb-ac2a-53d5-ab43-18f672cfc16b,5e858fbb-ac2a-53d5-ab43-18f672cfc16b,61b018ad-4290-47e1-844f-e03295c0dd09,KXBTC15M-26JAN130830-30,KXBTC15M-26JAN130830-30,yes,sell,3,0.58,58,42,0.5800,0.4200,True,,2026-01-13T13:21:44.760406Z,1768310504
d1d50f47-3f48-43ef-ecb1-4a01bd47bd93,d1d50f47-3f48-43ef-ecb1-4a01bd47bd93,e4db1fb4-4ce0-41c2-9efd-e62d04fb78b9,KXBTC15M-26JAN130830-30,KXBTC15M-26JAN130830-30,no,buy,1,0.65,65,35,0.6500,0.3500,True,,2026-01-13T13:17:12.694584Z,1768310232
e28c2176-da9b-652e-386d-baa702d9b88a,e28c2176-da9b-652e-386d-baa702d9b88a,8a9fc27a-051a-4b7b-a63a-e52c1a171bd4,KXBTC15M-26JAN130830-30,KXBTC15M-26JAN130830-30,no,buy,1,0.63,63,37,0.6300,0.3700,True,,2026-01-13T13:16:54.626641Z,1768310214
1ae4f3ea-5c73-7e32-13ab-5eb7e793311a,1ae4f3ea-5c73-7e32-13ab-5eb7e793311a,f485f6dd-24a0-4dbc-accb-5c282345b9b0,KXBTC15M-26JAN130830-30,KXBTC15M-26JAN130830-30,no,buy,1,0.63,63,37,0.6300,0.3700,True,,2026-01-13T13:16:48.246868Z,1768310208
d7c9d251-8879-5bba-6aee-effa0f5f64de,d7c9d251-8879-5bba-6aee-effa0f5f64de,511980dc-462c-45a6-b0e0-0ffd72c53d98,KXBTC15M-26JAN130815-15,KXBTC15M-26JAN130815-15,no,sell,2,0.05,5,95,0.0500,0.9500,True,,2026-01-13T13:12:10.348154Z,1768309930
613dc7a8-6b6d-5a3d-5030-e38e1ebe304f,613dc7a8-6b6d-5a3d-5030-e38e1ebe304f,511980dc-462c-45a6-b0e0-0ffd72c53d98,KXBTC15M-26JAN130815-15,KXBTC15M-26JAN130815-15,no,sell,1,0.05,5,95,0.0500,0.9500,True,,2026-01-13T13:12:10.348154Z,1768309930
4a4eb030-2452-526d-b1a7-c7866b21c893,4a4eb030-2452-526d-b1a7-c7866b21c893,98b90e0f-7990-47ce-80f9-955f0b29bc53,KXBTC15M-26JAN130815-15,KXBTC15M-26JAN130815-15,yes,buy,2,0.15,15,85,0.1500,0.8500,True,,2026-01-13T13:07:02.43335Z,1768309622
ac40e51d-58f3-75a2-371d-3177d3232b43,ac40e51d-58f3-75a2-371d-3177d3232b43,d0a444cd-4c82-4d69-aaf3-97f5907a00bd,KXBTC15M-26JAN130815-15,KXBTC15M-26JAN130815-15,yes,buy,1,0.16,16,84,0.1600,0.8400,True,,2026-01-13T13:04:22.046154Z,1768309462
c8319fbe-4ec1-48ba-c4e0-d4d4e8f6503e,c8319fbe-4ec1-48ba-c4e0-d4d4e8f6503e,93fbea08-2dc9-4239-9c36-c295c7c9be0d,KXBTC15M-26JAN130800-00,KXBTC15M-26JAN130800-00,yes,buy,1,0.4,40,60,0.4000,0.6000,True,,2026-01-13T12:47:48.763625Z,1768308468
1f6556fd-ba10-426e-6723-89cc7c9febdc,1f6556fd-ba10-426e-6723-89cc7c9febdc,96ddeb7f-e7b5-42bf-bbb9-634daa5f44c7,KXBTC15M-26JAN130800-00,KXBTC15M-26JAN130800-00,yes,buy,1,0.47,47,53,0.4700,0.5300,True,,2026-01-13T12:47:12.747985Z,1768308432
064a3851-c40c-740e-0ad0-69d0b61efc7e,064a3851-c40c-740e-0ad0-69d0b61efc7e,56748ef6-95d7-4ede-af9d-11868fa9dbd6,KXBTC15M-26JAN130800-00,KXBTC15M-26JAN130800-00,yes,buy,1,0.47,47,53,0.4700,0.5300,True,,2026-01-13T12:46:36.632273Z,1768308396
8c558831-9831-62b0-5ad6-2a86e708a99c,8c558831-9831-62b0-5ad6-2a86e708a99c,f69f7dd0-d591-4afe-bc60-50ea24a48299,KXBTC15M-26JAN130745-45,KXBTC15M-26JAN130745-45,yes,buy,1,0.64,64,36,0.6400,0.3600,True,,2026-01-13T12:31:29.021535Z,1768307489
53dd1d97-37dc-4bde-c221-78eeed8cc298,53dd1d97-37dc-4bde-c221-78eeed8cc298,27f4849b-7c75-4235-9cfd-38b0dad4acf5,KXBTC15M-26JAN130745-45,KXBTC15M-26JAN130745-45,yes,buy,1,0.61,61,39,0.6100,0.3900,True,,2026-01-13T12:31:22.718391Z,1768307482
9b3c8bb4-a13f-6f9a-6e6d-61fe80dffc99,9b3c8bb4-a13f-6f9a-6e6d-61fe80dffc99,ccffc97b-7b57-4a1b-beb5-ba21eac8d44e,KXBTC15M-26JAN130730-30,KXBTC15M-26JAN130730-30,no,buy,1,0.73,73,27,0.7300,0.2700,True,,2026-01-13T12:16:48.779801Z,1768306608
8532caa1-2d76-708a-3f86-d952af497ac0,8532caa1-2d76-708a-3f86-d952af497ac0,a9790e44-6579-4d12-a135-19d8cd6017ba,KXBTC15M-26JAN130730-30,KXBTC15M-26JAN130730-30,no,buy,1,0.66,66,34,0.6600,0.3400,True,,2026-01-13T12:16:36.384652Z,1768306596
53dd1240-1393-6a88-2fc1-3b64ca047ef7,53dd1240-1393-6a88-2fc1-3b64ca047ef7,2d45d9ff-bb1b-4801-aa53-0ac23f52860d,KXBTC15M-26JAN130730-30,KXBTC15M-26JAN130730-30,no,buy,1,0.48,48,52,0.4800,0.5200,True,,2026-01-13T12:16:00.512174Z,1768306560
c8dd00d0-879c-621c-e655-feb00b1ac404,c8dd00d0-879c-621c-e655-feb00b1ac404,ead21920-8d28-4941-9c50-26851cf0a193,KXBTC15M-26JAN130715-15,KXBTC15M-26JAN130715-15,yes,sell,3,0.54,54,46,0.5400,0.4600,True,,2026-01-13T12:11:28.715132Z,1768306288
80be073f-0f79-7a04-62c0-f28b4abe6254,80be073f-0f79-7a04-62c0-f28b4abe6254,a38021a8-287b-4e60-bfdc-8cc66172bd5a,KXBTC15M-26JAN130715-15,KXBTC15M-26JAN130715-15,no,buy,1,0.52,52,48,0.5200,0.4800,True,,2026-01-13T12:03:28.65882Z,1768305808
04fcf069-ac7c-6835-f981-5fab83ce36aa,04fcf069-ac7c-6835-f981-5fab83ce36aa,20dcf8a8-2acb-4a34-958b-bf8f796bd0e0,KXBTC15M-26JAN130715-15,KXBTC15M-26JAN130715-15,no,buy,1,0.53,53,47,0.5300,0.4700,True,,2026-01-13T12:03:22.333765Z,1768305802
daf91cc2-a66c-5fe9-c28f-8c704d863e07,daf91cc2-a66c-5fe9-c28f-8c704d863e07,8def73c2-d9c9-479f-9814-6ba3b3c19a53,KXBTC15M-26JAN130715-15,KXBTC15M-26JAN130715-15,no,buy,1,0.65,65,35,0.6500,0.3500,True,,2026-01-13T12:02:52.323609Z,1768305772
f77afe61-e61a-7622-517d-4bba632abf02,f77afe61-e61a-7622-517d-4bba632abf02,4efb30c1-d0cc-4f87-b7c5-5b85090e283e,KXBTC15M-26JAN130700-00,KXBTC15M-26JAN130700-00,no,buy,1,0.42,42,58,0.4200,0.5800,True,,2026-01-13T11:47:10.657016Z,1768304830
5e24b158-c162-59da-8967-72d009e5d3e2,5e24b158-c162-59da-8967-72d009e5d3e2,e4aca30f-9912-4479-81c3-d5df93bdf306,KXBTC15M-26JAN130700-00,KXBTC15M-26JAN130700-00,no,buy,1,0.42,42,58,0.4200,0.5800,True,,2026-01-13T11:47:04.393136Z,1768304824
5b3e8376-5289-4e80-d687-611cecc04095,5b3e8376-5289-4e80-d687-611cecc04095,22922396-1d8c-40c4-9f3b-c35aaa6e2e85,KXBTC15M-26JAN130700-00,KXBTC15M-26JAN130700-00,no,buy,1,0.45,45,55,0.4500,0.5500,True,,2026-01-13T11:46:04.931296Z,1768304764
2d656dab-9def-7e19-0ef0-02e8cd05eae8,2d656dab-9def-7e19-0ef0-02e8cd05eae8,10a45097-c485-4c9a-a408-4a91f11334f8,KXBTC15M-26JAN130645-45,KXBTC15M-26JAN130645-45,no,sell,3,0.04,4,96,0.0400,0.9600,True,,2026-01-13T11:40:15.842306Z,1768304415
567fb00c-18a3-5344-3b5e-16a1c67f748a,567fb00c-18a3-5344-3b5e-16a1c67f748a,ecde8279-5ac4-45ed-a95d-2e17152bbc1b,KXBTC15M-26JAN130645-45,KXBTC15M-26JAN130645-45,yes,buy,2,0.15,15,85,0.1500,0.8500,True,,2026-01-13T11:34:08.363306Z,1768304048
60ab2b78-c4d2-4f7a-a97c-a132342cf3d6,60ab2b78-c4d2-4f7a-a97c-a132342cf3d6,89ee9736-0517-4385-8cd5-f6ca0df98b76,KXBTC15M-26JAN130645-45,KXBTC15M-26JAN130645-45,yes,buy,1,0.21,21,79,0.2100,0.7900,True,,2026-01-13T11:34:02.071361Z,1768304042
dae7c570-80c3-5fe4-c1d4-65fbe6c05ea4,dae7c570-80c3-5fe4-c1d4-65fbe6c05ea4,1e3d768c-6fec-4529-9e1c-9a235ea2e3a3,KXBTC15M-26JAN130630-30,KXBTC15M-26JAN130630-30,no,sell,1,0.16,16,84,0.1600,0.8400,True,,2026-01-13T11:21:08.472738Z,1768303268
8dfab7ca-c5b6-7a78-f57e-95438f4ac107,8dfab7ca-c5b6-7a78-f57e-95438f4ac107,6e4c0df1-a966-4f29-9f3a-bc15cbf1eff5,KXBTC15M-26JAN130630-30,KXBTC15M-26JAN130630-30,no,sell,1,0.17,17,83,0.1700,0.8300,True,,2026-01-13T11:21:02.490804Z,1768303262
98d3eb58-9579-5b2d-55e6-f4e727d86564,98d3eb58-9579-5b2d-55e6-f4e727d86564,1beece6a-467c-4429-bcef-ff2940cc7886,KXBTC15M-26JAN130630-30,KXBTC15M-26JAN130630-30,no,sell,1,0.18,18,82,0.1800,0.8200,True,,2026-01-13T11:20:50.463146Z,1768303250
52f002e9-8b92-78f0-f28c-c57c5f410bb6,52f002e9-8b92-78f0-f28c-c57c5f410bb6,3342e5ad-a9fb-4c70-9c19-a702ecc04680,KXBTC15M-26JAN130630-30,KXBTC15M-26JAN130630-30,yes,buy,2,0.24,24,76,0.2400,0.7600,True,,2026-01-13T11:19:44.65853Z,1768303184
f789a90a-45f9-4fd1-c574-da7dc5f5ed39,f789a90a-45f9-4fd1-c574-da7dc5f5ed39,0c1b4743-5d26-4263-9d05-013a419feed4,KXBTC15M-26JAN130630-30,KXBTC15M-26JAN130630-30,yes,buy,1,0.42,42,58,0.4200,0.5800,True,,2026-01-13T11:19:32.319799Z,1768303172
bbf2ab20-5922-79bc-c05a-b1a3380838ae,bbf2ab20-5922-79bc-c05a-b1a3380838ae,6f964aa6-f743-4cf3-9a39-b672622c519e,KXBTC15M-26JAN130615-15,KXBTC15M-26JAN130615-15,yes,sell,3,0.7,70,30,0.7000,0.3000,True,,2026-01-13T11:09:05.853481Z,1768302545
962f491a-4ffc-6fa6-3095-b52a9aa2f589,962f491a-4ffc-6fa6-3095-b52a9aa2f589,1935b123-e52e-4bb0-a0c9-b2660c25e461,KXBTC15M-26JAN130615-15,KXBTC15M-26JAN130615-15,no,buy,1,0.36,36,64,0.3600,0.6400,True,,2026-01-13T11:01:59.452295Z,1768302119
7caa1dc2-475c-7b0a-e9f6-43ff381462f1,7caa1dc2-475c-7b0a-e9f6-43ff381462f1,39faeb31-6fed-4c78-9646-2631ab57922c,KXBTC15M-26JAN130615-15,KXBTC15M-26JAN130615-15,no,buy,1,0.36,36,64,0.3600,0.6400,True,,2026-01-13T11:01:52.953374Z,1768302112
5603ace9-e200-67e2-2b00-25474fc3442f,5603ace9-e200-67e2-2b00-25474fc3442f,2b3dbe2d-54fe-4b2a-a93d-cf0bd5d1edd1,KXBTC15M-26JAN130615-15,KXBTC15M-26JAN130615-15,no,buy,1,0.38,38,62,0.3800,0.6200,True,,2026-01-13T11:01:46.457796Z,1768302106
eb36bc7a-1c74-6511-3562-f47fff89e1ff,eb36bc7a-1c74-6511-3562-f47fff89e1ff,b5f517d2-a875-494e-a97f-5d8f24674dc1,KXBTC15M-26JAN130600-00,KXBTC15M-26JAN130600-00,yes,sell,3,0.92,92,8,0.9200,0.0800,True,,2026-01-13T10:58:01.948761Z,1768301881
040cac03-b346-6f7f-98c4-889e1430852a,040cac03-b346-6f7f-98c4-889e1430852a,c8bd1787-48b5-4916-81f8-5b327e7cb10c,KXBTC15M-26JAN130600-00,KXBTC15M-26JAN130600-00,no,buy,1,0.56,56,44,0.5600,0.4400,True,,2026-01-13T10:48:11.190752Z,1768301291
fcbfaced-c732-646b-53fe-d850fd60f3ae,fcbfaced-c732-646b-53fe-d850fd60f3ae,3691d7bc-d5a8-4bd3-b336-cf01c428acad,KXBTC15M-26JAN130600-00,KXBTC15M-26JAN130600-00,no,buy,1,0.56,56,44,0.5600,0.4400,True,,2026-01-13T10:48:04.8057Z,1768301284
4da5b73c-6bba-6527-4d9a-7280179df84a,4da5b73c-6bba-6527-4d9a-7280179df84a,5ad75148-be8a-4b80-b4af-e5b5fe97ee54,KXBTC15M-26JAN130600-00,KXBTC15M-26JAN130600-00,no,buy,1,0.54,54,46,0.5400,0.4600,True,,2026-01-13T10:47:58.430468Z,1768301278
92df2840-17e6-52bf-1481-6c10fd86e007,92df2840-17e6-52bf-1481-6c10fd86e007,bd7fd568-8f6f-478a-a085-c18137ced441,KXBTC15M-26JAN130545-45,KXBTC15M-26JAN130545-45,no,buy,1,0.59,59,41,0.5900,0.4100,True,,2026-01-13T10:37:56.875321Z,1768300676
d777772c-eda5-6e22-3e35-cfd3e4664179,d777772c-eda5-6e22-3e35-cfd3e4664179,3433e6d3-edf0-4a5f-a363-a238ce328e56,KXBTC15M-26JAN130545-45,KXBTC15M-26JAN130545-45,no,buy,1,0.58,58,42,0.5800,0.4200,True,,2026-01-13T10:37:50.506487Z,1768300670
f4b0e270-33b0-7249-544f-dc14dac311bc,f4b0e270-33b0-7249-544f-dc14dac311bc,f4f8522b-e5b9-4c6c-b91c-940c363bc2c7,KXBTC15M-26JAN130545-45,KXBTC15M-26JAN130545-45,no,buy,1,0.55,55,45,0.5500,0.4500,True,,2026-01-13T10:36:09.842647Z,1768300569
cc797535-b0ab-589c-90bb-f2b708f33aab,cc797535-b0ab-589c-90bb-f2b708f33aab,0af0efa2-e2ff-4483-865f-db1e1a058e7d,KXBTC15M-26JAN130530-30,KXBTC15M-26JAN130530-30,no,buy,1,0.25,25,75,0.2500,0.7500,True,,2026-01-13T10:16:27.597916Z,1768299387
d9d755a8-b8dc-40d0-b943-baed600155e5,d9d755a8-b8dc-40d0-b943-baed600155e5,93414fcd-b414-43bf-83d1-87281de43466,KXBTC15M-26JAN130530-30,KXBTC15M-26JAN130530-30,no,buy,1,0.26,26,74,0.2600,0.7400,True,,2026-01-13T10:16:09.300623Z,1768299369
847e86c3-7dd2-78d2-2166-2c14812d2070,847e86c3-7dd2-78d2-2166-2c14812d2070,642c75db-4eec-4e7f-a732-10df9a5fc85c,KXBTC15M-26JAN130530-30,KXBTC15M-26JAN130530-30,no,buy,1,0.28,28,72,0.2800,0.7200,True,,2026-01-13T10:16:03.026987Z,1768299363
94aad4a5-0166-70df-1ac7-b78975647988,94aad4a5-0166-70df-1ac7-b78975647988,e1f07ddc-63de-4eee-a311-ebfb333d4424,KXBTC15M-26JAN130515-15,KXBTC15M-26JAN130515-15,yes,buy,1,0.59,59,41,0.5900,0.4100,True,,2026-01-13T10:04:07.103661Z,1768298647
36027b05-3344-59ec-34b6-dff182c28965,36027b05-3344-59ec-34b6-dff182c28965,2dd41d8c-e662-45f9-ab04-9fe648965524,KXBTC15M-26JAN130515-15,KXBTC15M-26JAN130515-15,yes,buy,1,0.57,57,43,0.5700,0.4300,True,,2026-01-13T10:03:47.09412Z,1768298627
59d88216-46fc-7870-01f9-5708b88d1650,59d88216-46fc-7870-01f9-5708b88d1650,67acd10c-15ec-4ded-a2f9-08f3465e68e2,KXBTC15M-26JAN130515-15,KXBTC15M-26JAN130515-15,yes,buy,1,0.56,56,44,0.5600,0.4400,True,,2026-01-13T10:02:53.445242Z,1768298573
6334b83f-5eba-5687-acd8-fd49d6291830,6334b83f-5eba-5687-acd8-fd49d6291830,79724bc9-8e05-471f-8aa3-82349616a64b,KXBTC15M-26JAN130500-00,KXBTC15M-26JAN130500-00,yes,sell,3,0.92,92,8,0.9200,0.0800,True,,2026-01-13T09:53:50.993058Z,1768298030
75e9eb74-d31a-5f80-11ae-553c1c5deebd,75e9eb74-d31a-5f80-11ae-553c1c5deebd,f222164f-d8d2-44be-a607-f3940f1661b5,KXBTC15M-26JAN130500-00,KXBTC15M-26JAN130500-00,no,buy,1,0.8,80,20,0.8000,0.2000,True,,2026-01-13T09:50:35.445037Z,1768297835
8da60e7f-310a-4a08-9924-97647a58b379,8da60e7f-310a-4a08-9924-97647a58b379,0c31ef0d-2056-41dc-8425-4302169736c4,KXBTC15M-26JAN130500-00,KXBTC15M-26JAN130500-00,no,buy,1,0.8,80,20,0.8000,0.2000,True,,2026-01-13T09:50:11.282042Z,1768297811
4ef5b8ad-1456-7a0c-ce4b-899dd8facf55,4ef5b8ad-1456-7a0c-ce4b-899dd8facf55,3ce502b9-a901-4ddd-91fe-84bc7e3fa9cf,KXBTC15M-26JAN130500-00,KXBTC15M-26JAN130500-00,no,buy,1,0.8,80,20,0.8000,0.2000,True,,2026-01-13T09:50:05.044271Z,1768297805
3b1333b2-64bf-5559-2f8d-f2a65407ee34,3b1333b2-64bf-5559-2f8d-f2a65407ee34,dbcf10dc-5861-446a-aa57-fe5fb3a46ffb,KXBTC15M-26JAN130445-45,KXBTC15M-26JAN130445-45,yes,buy,1,0.45,45,55,0.4500,0.5500,True,,2026-01-13T09:31:39.073075Z,1768296699
4df6e57a-ba09-4404-a7aa-8423a5b1363a,4df6e57a-ba09-4404-a7aa-8423a5b1363a,6565f396-1aef-43d5-8853-beabc233323a,KXBTC15M-26JAN130445-45,KXBTC15M-26JAN130445-45,yes,buy,1,0.44,44,56,0.4400,0.5600,True,,2026-01-13T09:31:32.668526Z,1768296692
dc73102f-f33b-5aef-1daa-376237f799e4,dc73102f-f33b-5aef-1daa-376237f799e4,c71713a1-3a24-477b-aa43-5aceeb6aba78,KXBTC15M-26JAN130445-45,KXBTC15M-26JAN130445-45,yes,buy,1,0.45,45,55,0.4500,0.5500,True,,2026-01-13T09:31:26.389011Z,1768296686
40a4d3b9-b935-68fd-d728-725a49cdb523,40a4d3b9-b935-68fd-d728-725a49cdb523,b547d8fd-03f8-4aa6-9c1d-354dbb6c8c9d,KXBTC15M-26JAN130430-30,KXBTC15M-26JAN130430-30,yes,buy,1,0.44,44,56,0.4400,0.5600,True,,2026-01-13T09:19:53.9824Z,1768295993
c461e403-9665-5277-4c59-1548675cac6f,c461e403-9665-5277-4c59-1548675cac6f,e01c3ed4-31da-46c8-b5af-d548b8b23e1a,KXBTC15M-26JAN130430-30,KXBTC15M-26JAN130430-30,yes,buy,1,0.28,28,72,0.2800,0.7200,True,,2026-01-13T09:17:37.449157Z,1768295857
463d5a9a-30dd-6635-12a1-3b670e9bde4f,463d5a9a-30dd-6635-12a1-3b670e9bde4f,b4e1bab5-e182-4914-ad7f-6702eab91646,KXBTC15M-26JAN130430-30,KXBTC15M-26JAN130430-30,yes,buy,1,0.44,44,56,0.4400,0.5600,True,,2026-01-13T09:17:01.407307Z,1768295821
3dc70495-0afd-6c90-47a0-2ae4b41de97d,3dc70495-0afd-6c90-47a0-2ae4b41de97d,47a686d1-2a3a-48b8-b71f-c8826c6ae2a7,KXBTC15M-26JAN130415-15,KXBTC15M-26JAN130415-15,yes,sell,2,0.93,93,7,0.9300,0.0700,True,,2026-01-13T09:08:19.735524Z,1768295299
d724867a-542f-5c4c-06d7-65a8fd5ea388,d724867a-542f-5c4c-06d7-65a8fd5ea388,74bce02a-cb49-4696-a36c-086f2fb6017b,KXBTC15M-26JAN130415-15,KXBTC15M-26JAN130415-15,no,buy,1,0.87,87,13,0.8700,0.1300,True,,2026-01-13T09:03:23.349509Z,1768295003
7127538a-3cb2-6f6c-2468-d3d8059ceef4,7127538a-3cb2-6f6c-2468-d3d8059ceef4,e98845c1-87df-4ac6-acb9-e76970e964ac,KXBTC15M-26JAN130415-15,KXBTC15M-26JAN130415-15,no,buy,1,0.83,83,17,0.8300,0.1700,True,,2026-01-13T09:02:23.857676Z,1768294943
4e3c9e08-79df-70b3-7b11-36ad098ad1fc,4e3c9e08-79df-70b3-7b11-36ad098ad1fc,b3490f63-2a04-4ec1-b9a9-e4a897698827,KXBTC15M-26JAN130400-00,KXBTC15M-26JAN130400-00,no,sell,3,0.57,57,43,0.5700,0.4300,True,,2026-01-13T08:55:49.883659Z,1768294549
5e5e86a4-a97e-7255-7a3f-b67867644b77,5e5e86a4-a97e-7255-7a3f-b67867644b77,407e4d50-6059-4dad-b268-3d342a77d69e,KXBTC15M-26JAN130400-00,KXBTC15M-26JAN130400-00,yes,buy,1,0.61,61,39,0.6100,0.3900,True,,2026-01-13T08:49:19.561758Z,1768294159
4cc4f049-1289-751f-2f8c-29d3eb4cd786,4cc4f049-1289-751f-2f8c-29d3eb4cd786,ee4806e4-f1a8-4cda-a930-287d0ba2d275,KXBTC15M-26JAN130400-00,KXBTC15M-26JAN130400-00,yes,buy,1,0.61,61,39,0.6100,0.3900,True,,2026-01-13T08:49:13.187585Z,1768294153
6fedf11f-0e08-7994-abb6-0cf2bc4af43b,6fedf11f-0e08-7994-abb6-0cf2bc4af43b,7c0a836f-245d-4e4b-89cd-96fba2a126b0,KXBTC15M-26JAN130400-00,KXBTC15M-26JAN130400-00,yes,buy,1,0.6,60,40,0.6000,0.4000,True,,2026-01-13T08:49:01.013717Z,1768294141
db0be317-d536-758e-654f-d01228feaf96,db0be317-d536-758e-654f-d01228feaf96,30c035e2-0a4c-4e82-b033-eefc4e8bd84b,KXBTC15M-26JAN130345-45,KXBTC15M-26JAN130345-45,yes,buy,1,0.59,59,41,0.5900,0.4100,True,,2026-01-13T08:31:34.767295Z,1768293094
53b7b806-4a5e-67a1-b10c-402962077d0d,53b7b806-4a5e-67a1-b10c-402962077d0d,d2ba7c52-b6d6-4b4b-8c61-d91b7ce11aee,KXBTC15M-26JAN130345-45,KXBTC15M-26JAN130345-45,yes,buy,1,0.58,58,42,0.5800,0.4200,True,,2026-01-13T08:31:28.470301Z,1768293088
67d402e1-a570-7938-e589-621f951367af,67d402e1-a570-7938-e589-621f951367af,fca86aec-0050-4fc9-955d-5a6eb1897a75,KXBTC15M-26JAN130330-30,KXBTC15M-26JAN130330-30,yes,sell,3,0.95,95,5,0.9500,0.0500,True,,2026-01-13T08:26:27.989076Z,1768292787
117a0203-8eaa-6016-1b3a-6d616c54e40f,117a0203-8eaa-6016-1b3a-6d616c54e40f,bab2fbb2-2310-493a-ae4a-66a36bd9917f,KXBTC15M-26JAN130330-30,KXBTC15M-26JAN130330-30,no,buy,1,0.86,86,14,0.8600,0.1400,True,,2026-01-13T08:21:32.106871Z,1768292492
76f73cba-223c-523c-7c1e-ab1bedf86e5d,76f73cba-223c-523c-7c1e-ab1bedf86e5d,d9680b6b-d7b9-45d1-b8c1-df7bc752d030,KXBTC15M-26JAN130330-30,KXBTC15M-26JAN130330-30,no,buy,1,0.8,80,20,0.8000,0.2000,True,,2026-01-13T08:21:19.891996Z,1768292479
cbcc034d-1ce7-7296-dc07-9fecf9cc57ba,cbcc034d-1ce7-7296-dc07-9fecf9cc57ba,6a293496-0f85-4cf5-92a9-462d5bc9f72c,KXBTC15M-26JAN130330-30,KXBTC15M-26JAN130330-30,no,buy,1,0.8,80,20,0.8000,0.2000,True,,2026-01-13T08:21:13.579526Z,1768292473
01c95d4b-f0a5-4a8d-5db6-ff6c0ba4621b,01c95d4b-f0a5-4a8d-5db6-ff6c0ba4621b,99d58711-99fd-43b8-b930-b3ad337287e9,KXBTC15M-26JAN130315-15,KXBTC15M-26JAN130315-15,yes,sell,3,0.63,63,37,0.6300,0.3700,True,,2026-01-13T08:12:02.872405Z,1768291922
549aca4b-359e-4201-48cc-e72eab89e62a,549aca4b-359e-4201-48cc-e72eab89e62a,138990b2-9e10-41a1-b954-9d0cbaae1c51,KXBTC15M-26JAN130315-15,KXBTC15M-26JAN130315-15,no,buy,1,0.78,78,22,0.7800,0.2200,True,,2026-01-13T08:08:17.837493Z,1768291697
332640d1-1afe-7e57-c3e1-2c2373900d8d,332640d1-1afe-7e57-c3e1-2c2373900d8d,e514e5ab-388a-4f82-9219-85c5d3f216b1,KXBTC15M-26JAN130315-15,KXBTC15M-26JAN130315-15,no,buy,1,0.53,53,47,0.5300,0.4700,True,,2026-01-13T08:02:40.054115Z,1768291360
ef3d2944-0a12-4431-26ab-83d11cc7e420,ef3d2944-0a12-4431-26ab-83d11cc7e420,cd7450c8-697b-427f-a533-bc1f1770e7b1,KXBTC15M-26JAN130315-15,KXBTC15M-26JAN130315-15,no,buy,1,0.45,45,55,0.4500,0.5500,True,,2026-01-13T08:02:15.8794Z,1768291335
7bff6f82-6889-5c08-0d97-d97f0094f0e3,7bff6f82-6889-5c08-0d97-d97f0094f0e3,e537d602-3103-4478-a01b-e38e6a85c8b9,KXBTC15M-26JAN130300-00,KXBTC15M-26JAN130300-00,yes,sell,3,0.69,69,31,0.6900,0.3100,True,,2026-01-13T07:57:33.108424Z,1768291053
e3b8719d-7153-7a83-b413-77ee258f09f4,e3b8719d-7153-7a83-b413-77ee258f09f4,422bde8e-605b-4d71-8809-fe68784e9c2e,KXBTC15M-26JAN130300-00,KXBTC15M-26JAN130300-00,no,buy,1,0.43,43,57,0.4300,0.5700,True,,2026-01-13T07:46:24.374205Z,1768290384
ffe4ca26-f193-609a-2619-9541a776d464,ffe4ca26-f193-609a-2619-9541a776d464,b29f8ad7-b193-483c-af76-64c38e7b2229,KXBTC15M-26JAN130300-00,KXBTC15M-26JAN130300-00,no,buy,1,0.5,50,50,0.5000,0.5000,True,,2026-01-13T07:46:18.029469Z,1768290378
5a9c41ae-86e7-69d3-4e0a-eddc2b7ef3b9,5a9c41ae-86e7-69d3-4e0a-eddc2b7ef3b9,a2eecda3-16f5-4bac-bbe8-a4be796233a2,KXBTC15M-26JAN130300-00,KXBTC15M-26JAN130300-00,no,buy,1,0.54,54,46,0.5400,0.4600,True,,2026-01-13T07:46:11.578349Z,1768290371
37c0dc79-04fb-5ba0-61f7-72dfdd769ff1,37c0dc79-04fb-5ba0-61f7-72dfdd769ff1,70ce4646-1e80-442b-ba26-f1e30f3fd359,KXBTC15M-26JAN130245-45,KXBTC15M-26JAN130245-45,no,buy,1,0.41,41,59,0.4100,0.5900,True,,2026-01-13T07:31:35.559244Z,1768289495
56efb51f-458f-5034-ef2a-ed2422591781,56efb51f-458f-5034-ef2a-ed2422591781,b807b020-436b-4686-9c19-fb50405ca647,KXBTC15M-26JAN130245-45,KXBTC15M-26JAN130245-45,no,buy,1,0.4,40,60,0.4000,0.6000,True,,2026-01-13T07:31:11.445587Z,1768289471
7b369d84-3f4b-67dc-65f3-ddc896d0f2d1,7b369d84-3f4b-67dc-65f3-ddc896d0f2d1,b371fa06-9dda-4b7c-beaf-b76b6d7edf13,KXBTC15M-26JAN130245-45,KXBTC15M-26JAN130245-45,no,buy,1,0.4,40,60,0.4000,0.6000,True,,2026-01-13T07:31:05.090974Z,1768289465
b0a48b3c-42fd-7042-bd8d-96403e5768b7,b0a48b3c-42fd-7042-bd8d-96403e5768b7,170989a3-03d8-4f81-81ee-49c4815b7cc3,KXBTC15M-26JAN130230-30,KXBTC15M-26JAN130230-30,no,buy,1,0.22,22,78,0.2200,0.7800,True,,2026-01-13T07:16:29.393084Z,1768288589
15262014-9bba-60c1-cc6c-a971435c7093,15262014-9bba-60c1-cc6c-a971435c7093,285f0d9d-cc50-4bc6-9e05-b4cff632cd16,KXBTC15M-26JAN130230-30,KXBTC15M-26JAN130230-30,no,buy,1,0.3,30,70,0.3000,0.7000,True,,2026-01-13T07:16:11.263643Z,1768288571
d97398b6-2eb2-74fc-a754-0a40857dedc7,d97398b6-2eb2-74fc-a754-0a40857dedc7,ef0bc3d5-55dc-4f9b-86b1-114e1062ec80,KXBTC15M-26JAN130230-30,KXBTC15M-26JAN130230-30,no,buy,1,0.34,34,66,0.3400,0.6600,True,,2026-01-13T07:16:04.98401Z,1768288564
fe050b36-c5ef-6e98-ec11-6b381d6dce82,fe050b36-c5ef-6e98-ec11-6b381d6dce82,ae6ebdf1-42cb-4bf0-9f88-c562247e3b58,KXBTC15M-26JAN130215-15,KXBTC15M-26JAN130215-15,no,sell,2,0.38,38,62,0.3800,0.6200,True,,2026-01-13T07:03:17.187638Z,1768287797
7e5a2665-24b1-560c-2a90-f0e404fff802,7e5a2665-24b1-560c-2a90-f0e404fff802,6fc2fbe1-97b2-4613-a424-13b752357002,KXBTC15M-26JAN130215-15,KXBTC15M-26JAN130215-15,yes,buy,1,0.31,31,69,0.3100,0.6900,True,,2026-01-13T07:01:41.794853Z,1768287701
17f387af-c342-4766-0f36-f9e08749c075,17f387af-c342-4766-0f36-f9e08749c075,fd2002df-d8db-41c1-a840-297c26c2296f,KXBTC15M-26JAN130215-15,KXBTC15M-26JAN130215-15,yes,buy,1,0.32,32,68,0.3200,0.6800,True,,2026-01-13T07:01:35.527674Z,1768287695
4ef477d5-c8b8-56ef-a38d-4d8e108e3ae2,4ef477d5-c8b8-56ef-a38d-4d8e108e3ae2,e656ad04-2780-47f3-88d9-6d678de12f57,KXBTC15M-26JAN130200-00,KXBTC15M-26JAN130200-00,no,buy,1,0.74,74,26,0.7400,0.2600,True,,2026-01-13T06:51:03.807677Z,1768287063
adfbe114-f4aa-572d-bf31-7b39cda1aa1d,adfbe114-f4aa-572d-bf31-7b39cda1aa1d,6516daf0-7383-44e8-8dea-06c42195958e,KXBTC15M-26JAN130200-00,KXBTC15M-26JAN130200-00,no,buy,1,0.77,77,23,0.7700,0.2300,True,,2026-01-13T06:50:57.511321Z,1768287057
d211d92a-c6bb-65c7-71ad-dafafa1fac54,d211d92a-c6bb-65c7-71ad-dafafa1fac54,37f38fe8-df04-4a4e-bc6e-6b4cf7794b74,KXBTC15M-26JAN130200-00,KXBTC15M-26JAN130200-00,no,buy,1,0.77,77,23,0.7700,0.2300,True,,2026-01-13T06:50:51.209103Z,1768287051
7109183c-e263-4a7d-7f51-6820153ab06c,7109183c-e263-4a7d-7f51-6820153ab06c,04b8e12c-1774-4195-b1f5-8985c490916e,KXBTC15M-26JAN130145-45,KXBTC15M-26JAN130145-45,yes,sell,3,0.91,91,9,0.9100,0.0900,True,,2026-01-13T06:40:07.833901Z,1768286407
16e4de37-5981-627e-a85c-5daf2ad6e0e1,16e4de37-5981-627e-a85c-5daf2ad6e0e1,699c06d0-c027-4a53-816f-197a857e1002,KXBTC15M-26JAN130145-45,KXBTC15M-26JAN130145-45,no,buy,1,0.69,69,31,0.6900,0.3100,True,,2026-01-13T06:36:51.974775Z,1768286211
f469fb5f-e12d-68a2-dd3f-da2db52863bd,f469fb5f-e12d-68a2-dd3f-da2db52863bd,d13f4f8a-ee0c-48e4-9c37-f89a2281b0d5,KXBTC15M-26JAN130145-45,KXBTC15M-26JAN130145-45,no,buy,1,0.69,69,31,0.6900,0.3100,True,,2026-01-13T06:36:45.619049Z,1768286205
6e1f22a9-8ff9-5cb6-7498-ed213ad23d49,6e1f22a9-8ff9-5cb6-7498-ed213ad23d49,e79517a7-b459-4681-b190-da8b619cf9da,KXBTC15M-26JAN130145-45,KXBTC15M-26JAN130145-45,no,buy,1,0.68,68,32,0.6800,0.3200,True,,2026-01-13T06:36:39.222356Z,1768286199
d61e17db-c367-5d69-d61f-cdb7c7241f26,d61e17db-c367-5d69-d61f-cdb7c7241f26,301903ae-eaa2-447d-9b27-409c3f947005,KXBTC15M-26JAN130130-30,KXBTC15M-26JAN130130-30,yes,buy,1,0.79,79,21,0.7900,0.2100,True,,2026-01-13T06:22:28.795077Z,1768285348
b207f91c-5bd3-6da1-f931-629252d293c6,b207f91c-5bd3-6da1-f931-629252d293c6,a91f781f-0c8f-484f-90ec-eb555ae9d33d,KXBTC15M-26JAN130130-30,KXBTC15M-26JAN130130-30,yes,buy,1,0.79,79,21,0.7900,0.2100,True,,2026-01-13T06:22:22.401003Z,1768285342
b4b8854a-4486-672b-1fef-671b4c90fa77,b4b8854a-4486-672b-1fef-671b4c90fa77,66598fe3-7901-4bb7-a7e4-131008583dcc,KXBTC15M-26JAN130130-30,KXBTC15M-26JAN130130-30,yes,buy,1,0.78,78,22,0.7800,0.2200,True,,2026-01-13T06:22:10.22174Z,1768285330
bf61a586-14fe-7067-8089-0c109476dac8,bf61a586-14fe-7067-8089-0c109476dac8,0ea4fa88-fca7-4da4-87ee-3f8cbd17b82d,KXBTC15M-26JAN130115-15,KXBTC15M-26JAN130115-15,no,buy,1,0.3,30,70,0.3000,0.7000,True,,2026-01-13T06:06:19.135546Z,1768284379
19de1ac5-a5a1-6e85-c508-cefef9fb67f6,19de1ac5-a5a1-6e85-c508-cefef9fb67f6,01fdb098-1e13-481f-94c7-20c8ee8608c6,KXBTC15M-26JAN130115-15,KXBTC15M-26JAN130115-15,no,buy,2,0.41,41,59,0.4100,0.5900,True,,2026-01-13T06:06:06.76464Z,1768284366
3c755e91-87fa-4443-b2a2-46f322139e9b,3c755e91-87fa-4443-b2a2-46f322139e9b,3c6f3763-92c6-41ae-87b7-f94abe15ecfd,KXBTC15M-26JAN130100-00,KXBTC15M-26JAN130100-00,no,sell,1,0.54,54,46,0.5400,0.4600,True,,2026-01-13T05:58:20.231886Z,1768283900
9ae8c976-02e6-71ea-5bbb-ec5b82d0b865,9ae8c976-02e6-71ea-5bbb-ec5b82d0b865,c3ecd658-f01a-4fe4-b2d4-81b209c269a0,KXBTC15M-26JAN130100-00,KXBTC15M-26JAN130100-00,yes,buy,1,0.67,67,33,0.6700,0.3300,True,,2026-01-13T05:47:28.089388Z,1768283248
9ba840aa-2d55-5837-8714-ecb5a978b916,9ba840aa-2d55-5837-8714-ecb5a978b916,95fc0051-87c1-4653-842f-947c397e0c74,KXBTC15M-26JAN130045-45,KXBTC15M-26JAN130045-45,no,sell,1,0.21,21,79,0.2100,0.7900,True,,2026-01-13T05:31:53.782584Z,1768282313
f0d811d1-c57a-5478-30f4-1731891003ff,f0d811d1-c57a-5478-30f4-1731891003ff,4b315bed-22b4-448a-aa5d-866bf46c425f,KXBTC15M-26JAN130045-45,KXBTC15M-26JAN130045-45,no,sell,1,0.24,24,76,0.2400,0.7600,True,,2026-01-13T05:31:47.796189Z,1768282307
7bb2bc25-2924-7c5e-830f-08758f2e24c2,7bb2bc25-2924-7c5e-830f-08758f2e24c2,33ac8958-3504-4d45-82c8-0444352b193d,KXBTC15M-26JAN130045-45,KXBTC15M-26JAN130045-45,yes,buy,2,0.27,27,73,0.2700,0.7300,True,,2026-01-13T05:31:35.486002Z,1768282295
48c12ab2-bd11-7f6c-89db-18e49cf8504c,48c12ab2-bd11-7f6c-89db-18e49cf8504c,bf6fc57a-06db-4e74-89ed-93211d3e2c42,KXBTC15M-26JAN130030-30,KXBTC15M-26JAN130030-30,yes,sell,3,0.95,95,5,0.9500,0.0500,True,,2026-01-13T05:19:16.109171Z,1768281556
c1f0ef00-dd2c-7326-b5f9-d8f5d0df1cc0,c1f0ef00-dd2c-7326-b5f9-d8f5d0df1cc0,f53a5e02-62c1-4cdb-872b-b5a82de65727,KXBTC15M-26JAN130030-30,KXBTC15M-26JAN130030-30,no,buy,1,0.82,82,18,0.8200,0.1800,True,,2026-01-13T05:18:22.413612Z,1768281502
7ff686db-41c5-72a7-6e2c-7bbfb73b4fbf,7ff686db-41c5-72a7-6e2c-7bbfb73b4fbf,8e8329b3-a0fa-4e1b-b4d9-20ba43f68e1e,KXBTC15M-26JAN130030-30,KXBTC15M-26JAN130030-30,no,buy,1,0.84,84,16,0.8400,0.1600,True,,2026-01-13T05:18:08.345882Z,1768281488
6dda2fbd-4799-632b-9015-b0e48b59383b,6dda2fbd-4799-632b-9015-b0e48b59383b,a12e9f2f-1104-49b4-8275-ab3902466e33,KXBTC15M-26JAN130030-30,KXBTC15M-26JAN130030-30,no,buy,1,0.76,76,24,0.7600,0.2400,True,,2026-01-13T05:17:54.186249Z,1768281474
a11809eb-239d-48f5-0e88-37c1a48923e5,a11809eb-239d-48f5-0e88-37c1a48923e5,9ad43010-9438-4329-a732-008a0f24f480,KXBTC15M-26JAN130015-15,KXBTC15M-26JAN130015-15,no,buy,1,0.86,86,14,0.8600,0.1400,True,,2026-01-13T05:02:34.992504Z,1768280554
ffd5f0d7-8aaa-4801-3137-90c7d623f902,ffd5f0d7-8aaa-4801-3137-90c7d623f902,3d004d91-1691-4194-af3d-27be1611ed0f,KXBTC15M-26JAN130015-15,KXBTC15M-26JAN130015-15,no,buy,1,0.86,86,14,0.8600,0.1400,True,,2026-01-13T05:01:34.516864Z,1768280494
55cfe9bb-c51a-7703-42f3-cd66f0edd944,55cfe9bb-c51a-7703-42f3-cd66f0edd944,31f94780-77eb-4dde-b445-49a6f66016ca,KXBTC15M-26JAN130015-15,KXBTC15M-26JAN130015-15,no,buy,1,0.86,86,14,0.8600,0.1400,True,,2026-01-13T05:01:28.200515Z,1768280488
ca033c7f-89ea-5e39-741d-72b778585766,ca033c7f-89ea-5e39-741d-72b778585766,d928cef5-8da0-45e7-b9c8-6cec26672aa8,KXBTC15M-26JAN130000-00,KXBTC15M-26JAN130000-00,yes,sell,3,0.82,82,18,0.8200,0.1800,True,,2026-01-13T04:53:22.09718Z,1768280002
44594b91-a253-795a-f290-014948248445,44594b91-a253-795a-f290-014948248445,c027bdde-e7bd-4eb7-949e-88916f64ae06,KXBTC15M-26JAN130000-00,KXBTC15M-26JAN130000-00,no,buy,1,0.47,47,53,0.4700,0.5300,True,,2026-01-13T04:46:14.008207Z,1768279574
48ff9599-f2da-7e91-fa14-25d588a704c5,48ff9599-f2da-7e91-fa14-25d588a704c5,502b78d7-c77d-4c81-9227-368a1d75d22b,KXBTC15M-26JAN130000-00,KXBTC15M-26JAN130000-00,no,buy,1,0.48,48,52,0.4800,0.5200,True,,2026-01-13T04:46:07.317399Z,1768279567
9dc05c8e-1696-55ca-bcd9-b6e95f311959,9dc05c8e-1696-55ca-bcd9-b6e95f311959,917c43db-564f-454c-80c7-67c749cd68ab,KXBTC15M-26JAN130000-00,KXBTC15M-26JAN130000-00,no,buy,1,0.48,48,52,0.4800,0.5200,True,,2026-01-13T04:46:00.570672Z,1768279560
0e016bc8-69f6-5d01-82cc-2da925a42ae9,0e016bc8-69f6-5d01-82cc-2da925a42ae9,1f150511-adb9-459b-8de9-8f68b05778cf,KXBTC15M-26JAN122345-45,KXBTC15M-26JAN122345-45,no,sell,1,0.12,12,88,0.1200,0.8800,True,,2026-01-13T04:40:08.829354Z,1768279208
5d69b5e7-3c37-4c2b-662f-3d68ba371fba,5d69b5e7-3c37-4c2b-662f-3d68ba371fba,7d4fb700-cb26-4376-beca-d374a3abc959,KXBTC15M-26JAN122345-45,KXBTC15M-26JAN122345-45,yes,buy,1,0.14,14,86,0.1400,0.8600,True,,2026-01-13T04:38:54.738883Z,1768279134
f8b49aac-eed5-4833-0106-410f46d97e4c,f8b49aac-eed5-4833-0106-410f46d97e4c,5830045a-e591-40c3-a54b-b5e9f4878a39,KXBTC15M-26JAN122330-30,KXBTC15M-26JAN122330-30,no,sell,3,0.37,37,63,0.3700,0.6300,True,,2026-01-13T04:27:01.489521Z,1768278421
606d11ee-6fbe-66b3-1e57-922933a5015f,606d11ee-6fbe-66b3-1e57-922933a5015f,65fa3a00-c42b-4910-a5c1-4a0442d3a83f,KXBTC15M-26JAN122330-30,KXBTC15M-26JAN122330-30,yes,buy,1,0.58,58,42,0.5800,0.4200,True,,2026-01-13T04:17:11.414079Z,1768277831
5cea5a11-d8ba-593b-fbdb-0cd124bf60bf,5cea5a11-d8ba-593b-fbdb-0cd124bf60bf,eadbe8ff-29ea-46f2-9ca2-6dba47153047,KXBTC15M-26JAN122330-30,KXBTC15M-26JAN122330-30,yes,buy,1,0.58,58,42,0.5800,0.4200,True,,2026-01-13T04:17:04.746925Z,1768277824
30b568f3-24d6-7996-3547-d6f4aaa3069e,30b568f3-24d6-7996-3547-d6f4aaa3069e,4af6a3c3-8f84-4eb2-afa2-b4bb7e455f3e,KXBTC15M-26JAN122330-30,KXBTC15M-26JAN122330-30,yes,buy,1,0.55,55,45,0.5500,0.4500,True,,2026-01-13T04:16:27.378968Z,1768277787
cafd1678-1080-5a62-1011-ba4c8cb55c8e,cafd1678-1080-5a62-1011-ba4c8cb55c8e,1ebac758-5ab9-4425-a471-28955b407d5d,KXBTC15M-26JAN122315-15,KXBTC15M-26JAN122315-15,no,buy,1,0.59,59,41,0.5900,0.4100,True,,2026-01-13T04:08:12.103399Z,1768277292
db95df06-245c-60c2-3d41-b4cf3d800132,db95df06-245c-60c2-3d41-b4cf3d800132,d6dcb947-eb71-4876-a48d-6bff21015e44,KXBTC15M-26JAN122315-15,KXBTC15M-26JAN122315-15,no,buy,1,0.44,44,56,0.4400,0.5600,True,,2026-01-13T04:07:34.792985Z,1768277254
8eb20adb-93aa-4592-a6f8-44f885deaa76,8eb20adb-93aa-4592-a6f8-44f885deaa76,b10ad8ad-603f-438f-82af-37a7685cd177,KXBTC15M-26JAN122300-00,KXBTC15M-26JAN122300-00,yes,sell,2,0.82,82,18,0.8200,0.1800,True,,2026-01-13T03:57:04.00071Z,1768276624
f6d6a641-6906-7ee7-63eb-47387c08fd74,f6d6a641-6906-7ee7-63eb-47387c08fd74,f5b76de9-e4d2-4e79-bf4a-dd0834ca72ee,KXBTC15M-26JAN122300-00,KXBTC15M-26JAN122300-00,no,buy,1,0.38,38,62,0.3800,0.6200,True,,2026-01-13T03:46:08.021909Z,1768275968
317bf5ef-ca13-592f-6ee7-937984db8ae3,317bf5ef-ca13-592f-6ee7-937984db8ae3,219946cb-3c6f-4761-b12b-60ae828eed26,KXBTC15M-26JAN122300-00,KXBTC15M-26JAN122300-00,no,buy,1,0.41,41,59,0.4100,0.5900,True,,2026-01-13T03:46:01.227822Z,1768275961
73c8dd8a-45c2-5315-af27-872e91e910ad,73c8dd8a-45c2-5315-af27-872e91e910ad,25b3b1b0-254a-4582-8c85-e1fdb02f26b9,KXBTC15M-26JAN122245-45,KXBTC15M-26JAN122245-45,no,sell,2,0.05,5,95,0.0500,0.9500,True,,2026-01-13T03:43:04.949306Z,1768275784
ef639157-7479-6cee-96c2-c1e177750423,ef639157-7479-6cee-96c2-c1e177750423,059cdb06-bfba-4873-8f0f-a54d522d5136,KXBTC15M-26JAN122245-45,KXBTC15M-26JAN122245-45,yes,buy,2,0.17,17,83,0.1700,0.8300,True,,2026-01-13T03:39:30.279265Z,1768275570
9dbfee70-5a2a-4616-b2c1-25b9771a07aa,9dbfee70-5a2a-4616-b2c1-25b9771a07aa,951e29fb-c1a7-4038-8b4b-b180ef955361,KXBTC15M-26JAN122245-45,KXBTC15M-26JAN122245-45,no,sell,2,0.3,30,70,0.3000,0.7000,True,,2026-01-13T03:33:35.546463Z,1768275215
540e17ff-4c47-59a5-736d-a9d8b568d0c2,540e17ff-4c47-59a5-736d-a9d8b568d0c2,267ae56a-f63c-4771-bb19-f788980cfe1d,KXBTC15M-26JAN122245-45,KXBTC15M-26JAN122245-45,yes,buy,1,0.56,56,44,0.5600,0.4400,True,,2026-01-13T03:31:44.27456Z,1768275104
d631dc13-2271-5aed-ed1d-48cd705c0160,d631dc13-2271-5aed-ed1d-48cd705c0160,8589846c-f4cb-4731-9422-9bcfbadb1cb0,KXBTC15M-26JAN122245-45,KXBTC15M-26JAN122245-45,yes,buy,1,0.55,55,45,0.5500,0.4500,True,,2026-01-13T03:31:19.038045Z,1768275079
c3ec69b1-c240-7d98-c2ab-0de4680f2d5f,c3ec69b1-c240-7d98-c2ab-0de4680f2d5f,ca3ab0bb-f113-4edf-9d3c-6c7d3e07cab6,KXBTC15M-26JAN122230-30,KXBTC15M-26JAN122230-30,yes,buy,1,0.59,59,41,0.5900,0.4100,True,,2026-01-13T03:16:24.146345Z,1768274184
c300d112-ee6b-7b24-3b61-e5559694d653,c300d112-ee6b-7b24-3b61-e5559694d653,0561458c-9a31-4ee7-a0c9-d85ba462a175,KXBTC15M-26JAN122215-15,KXBTC15M-26JAN122215-15,yes,sell,2,0.65,65,35,0.6500,0.3500,True,,2026-01-13T03:10:49.846855Z,1768273849
c6a74fab-be46-5480-a88a-910f8dc890fe,c6a74fab-be46-5480-a88a-910f8dc890fe,4d04c7b0-7e44-45c6-8161-175ffbbd284e,KXBTC15M-26JAN122215-15,KXBTC15M-26JAN122215-15,no,buy,1,0.4,40,60,0.4000,0.6000,True,,2026-01-13T03:01:08.477413Z,1768273268
ac136c23-a233-74d2-fe0b-d1cf05d464ab,ac136c23-a233-74d2-fe0b-d1cf05d464ab,ebd23a03-8137-4dcc-96e7-4898a3d95fb2,KXBTC15M-26JAN122215-15,KXBTC15M-26JAN122215-15,no,buy,1,0.43,43,57,0.4300,0.5700,True,,2026-01-13T03:01:01.984734Z,1768273261
4a997b7a-04b7-642d-6ed9-c62b1da269bd,4a997b7a-04b7-642d-6ed9-c62b1da269bd,dc45faef-72d4-4880-b7ff-05ecd90c3345,KXBTC15M-26JAN122200-00,KXBTC15M-26JAN122200-00,no,buy,1,0.59,59,41,0.5900,0.4100,True,,2026-01-13T02:47:08.506347Z,1768272428
40cea439-24db-5c99-8801-953bc6b2cd69,40cea439-24db-5c99-8801-953bc6b2cd69,9ed00d3f-bacf-46ad-8e49-1128efc81a70,KXBTC15M-26JAN122200-00,KXBTC15M-26JAN122200-00,no,buy,1,0.59,59,41,0.5900,0.4100,True,,2026-01-13T02:47:02.011359Z,1768272422
7abb5850-760f-5111-fdfa-fdfa61db61c5,7abb5850-760f-5111-fdfa-fdfa61db61c5,b9b81fb2-2661-46a7-9282-09de46002341,KXBTC15M-26JAN122145-45,KXBTC15M-26JAN122145-45,yes,sell,2,0.35,35,65,0.3500,0.6500,True,,2026-01-13T02:35:35.075531Z,1768271735
e55bb141-9bb0-5dd0-697a-f647cfc093e7,e55bb141-9bb0-5dd0-697a-f647cfc093e7,08289e2b-ca69-4618-baad-61a09ad839a4,KXBTC15M-26JAN122145-45,KXBTC15M-26JAN122145-45,no,buy,1,0.59,59,41,0.5900,0.4100,True,,2026-01-13T02:31:20.315108Z,1768271480
ab2d7263-c851-70ac-f5cb-c1150a191817,ab2d7263-c851-70ac-f5cb-c1150a191817,0ba96593-90e2-4cd8-9cfd-94a8f0d1963c,KXBTC15M-26JAN122145-45,KXBTC15M-26JAN122145-45,no,buy,1,0.62,62,38,0.6200,0.3800,True,,2026-01-13T02:31:13.669171Z,1768271473
59278483-1b8d-4df2-b2e9-9f3ff85d396a,59278483-1b8d-4df2-b2e9-9f3ff85d396a,8b7f3eaf-736d-42d7-8368-7f807d499ec9,KXBTC15M-26JAN122130-30,KXBTC15M-26JAN122130-30,yes,sell,2,0.57,57,43,0.5700,0.4300,True,,2026-01-13T02:28:46.37211Z,1768271326
39ede66d-b1d6-5531-41a9-19d23dea7681,39ede66d-b1d6-5531-41a9-19d23dea7681,9b835561-5cdc-44cf-b374-5b75ee26699d,KXBTC15M-26JAN122130-30,KXBTC15M-26JAN122130-30,no,buy,1,0.52,52,48,0.5200,0.4800,True,,2026-01-13T02:18:32.964582Z,1768270712
409a6455-5e77-5dfb-905f-943638751809,409a6455-5e77-5dfb-905f-943638751809,dac230f3-a513-453e-8ac2-21a8f44119b2,KXBTC15M-26JAN122130-30,KXBTC15M-26JAN122130-30,no,buy,1,0.5,50,50,0.5000,0.5000,True,,2026-01-13T02:18:26.483107Z,1768270706
dfab22ce-2930-6595-1822-6c64f434b8c6,dfab22ce-2930-6595-1822-6c64f434b8c6,96799a8b-9e33-48b1-a652-fc609a205814,KXBTC15M-26JAN122100-00,KXBTC15M-26JAN122100-00,no,buy,1,0.56,56,44,0.5600,0.4400,True,,2026-01-13T01:46:24.289691Z,1768268784
8f6bddca-871b-59f2-b6ff-3e7728d6f3bd,8f6bddca-871b-59f2-b6ff-3e7728d6f3bd,d572805d-bdd0-4577-8b82-55b44df40434,KXBTC15M-26JAN122100-00,KXBTC15M-26JAN122100-00,no,buy,1,0.55,55,45,0.5500,0.4500,True,,2026-01-13T01:46:17.989645Z,1768268777
96028a75-dbed-6752-4766-c2d9ffe75666,96028a75-dbed-6752-4766-c2d9ffe75666,04459d5e-6c18-48c4-b964-b62b86a34256,KXBTC15M-26JAN122045-45,KXBTC15M-26JAN122045-45,no,buy,2,0.48,48,52,0.4800,0.5200,True,,2026-01-13T01:31:03.368193Z,1768267863
e9168c9f-8cda-5896-1fc8-c26068e6e347,e9168c9f-8cda-5896-1fc8-c26068e6e347,6005e034-e57c-4509-aa87-f1f110dbbe63,KXBTC15M-26JAN122030-30,KXBTC15M-26JAN122030-30,no,sell,1,0.22,22,78,0.2200,0.7800,True,,2026-01-13T01:20:14.022275Z,1768267214
79eec40b-44d3-7029-a04d-80ea261c9e87,79eec40b-44d3-7029-a04d-80ea261c9e87,86c74711-6236-4c8d-82ff-1e4af1a2d3e4,KXBTC15M-26JAN122030-30,KXBTC15M-26JAN122030-30,yes,buy,1,0.49,49,51,0.4900,0.5100,True,,2026-01-13T01:17:18.243816Z,1768267038
4b2f4d7f-74cb-7c22-3318-84d4e893ee92,4b2f4d7f-74cb-7c22-3318-84d4e893ee92,ac9b15c3-d70a-4ead-aacf-180514674ef2,KXBTC15M-26JAN122015-15,KXBTC15M-26JAN122015-15,yes,sell,1,0.74,74,26,0.7400,0.2600,True,,2026-01-13T01:08:04.846172Z,1768266484
0966b93d-efac-7af4-ce9e-39dda6915cb0,0966b93d-efac-7af4-ce9e-39dda6915cb0,2f42b21a-2b3d-4d2b-9377-cb79012a4676,KXBTC15M-26JAN122015-15,KXBTC15M-26JAN122015-15,no,buy,1,0.52,52,48,0.5200,0.4800,True,,2026-01-13T01:01:19.228154Z,1768266079
ef3f7eaa-479b-4611-fcb9-be6f1e1800ff,ef3f7eaa-479b-4611-fcb9-be6f1e1800ff,b39b2a07-cc22-415a-913e-c114a24c8db0,KXBTC15M-26JAN122000-00,KXBTC15M-26JAN122000-00,yes,buy,1,0.81,81,19,0.8100,0.1900,True,,2026-01-13T00:52:10.577743Z,1768265530
00cd7382-fbe1-46cf-ec6e-b88080afb8f7,00cd7382-fbe1-46cf-ec6e-b88080afb8f7,e45d3db2-e0a0-417d-90e8-27cd17c13b0a,KXBTC15M-26JAN122000-00,KXBTC15M-26JAN122000-00,yes,buy,1,0.6,60,40,0.6000,0.4000,True,,2026-01-13T00:46:20.411041Z,1768265180
89e94e1c-e509-7f12-7093-f21de22e387b,89e94e1c-e509-7f12-7093-f21de22e387b,4d0b5d15-6dee-4c71-b261-2b2e3b377cc4,KXBTC15M-26JAN121945-45,KXBTC15M-26JAN121945-45,no,buy,2,0.57,57,43,0.5700,0.4300,True,,2026-01-13T00:31:09.396725Z,1768264269
c95ab3ac-2d80-6dae-277f-91e4df12fbec,c95ab3ac-2d80-6dae-277f-91e4df12fbec,82892f96-f86f-4b45-a2cc-9a764b33946e,KXBTC15M-26JAN121915-15,KXBTC15M-26JAN121915-15,yes,buy,2,0.73,73,27,0.7300,0.2700,True,,2026-01-13T00:04:18.050727Z,1768262658
e36704a9-6e45-4361-a31c-7781fb0ca048,e36704a9-6e45-4361-a31c-7781fb0ca048,617e7412-8f29-41a5-874e-d31380832934,KXBTC15M-26JAN121900-00,KXBTC15M-26JAN121900-00,no,sell,2,0.47,47,53,0.4700,0.5300,True,,2026-01-12T23:57:05.009514Z,1768262225
c86c4034-8de4-57f0-645f-b8f3b39755a6,c86c4034-8de4-57f0-645f-b8f3b39755a6,09287505-4307-4605-bd34-7b998a7d70b7,KXBTC15M-26JAN121900-00,KXBTC15M-26JAN121900-00,yes,buy,1,0.28,28,72,0.2800,0.7200,True,,2026-01-12T23:50:27.887987Z,1768261827
cd196cbb-c00f-6e8d-910e-c213d9407aa4,cd196cbb-c00f-6e8d-910e-c213d9407aa4,a04dece4-9810-4bb0-882c-6ef00ec62008,KXBTC15M-26JAN121900-00,KXBTC15M-26JAN121900-00,yes,buy,1,0.33,33,67,0.3300,0.6700,True,,2026-01-12T23:48:02.823399Z,1768261682
9e9da5f0-5bf4-7e0f-a0bd-1cf7a2abf4ac,9e9da5f0-5bf4-7e0f-a0bd-1cf7a2abf4ac,0c429729-9bd2-4cc1-8c11-d17b4d64d795,KXBTC15M-26JAN121845-45,KXBTC15M-26JAN121845-45,no,sell,2,0.29,29,71,0.2900,0.7100,True,,2026-01-12T23:41:29.605517Z,1768261289
b158a0a1-d79b-71e9-42b5-941b757a7a06,b158a0a1-d79b-71e9-42b5-941b757a7a06,411553ef-94c4-4d50-bbe6-f8007aa39170,KXBTC15M-26JAN121845-45,KXBTC15M-26JAN121845-45,yes,buy,1,0.26,26,74,0.2600,0.7400,True,,2026-01-12T23:34:27.741962Z,1768260867
8031864e-82e9-736c-2c31-38bc5bb6418d,8031864e-82e9-736c-2c31-38bc5bb6418d,24ef0659-a22d-4ff8-a90a-d64d1bb2b1a8,KXBTC15M-26JAN121845-45,KXBTC15M-26JAN121845-45,yes,buy,1,0.25,25,75,0.2500,0.7500,True,,2026-01-12T23:34:15.355576Z,1768260855
26d08091-9bf9-4c14-44ba-795141db7bf0,26d08091-9bf9-4c14-44ba-795141db7bf0,f4c5c4e1-44a3-41fd-b8dd-8c3aa44b497c,KXBTC15M-26JAN121830-30,KXBTC15M-26JAN121830-30,no,buy,1,0.51,51,49,0.5100,0.4900,True,,2026-01-12T23:16:13.496198Z,1768259773
c574f299-2e29-48a0-9d91-a3c60be8224e,c574f299-2e29-48a0-9d91-a3c60be8224e,6b0ed969-0cbc-4155-8467-59d53e9c5425,KXBTC15M-26JAN121830-30,KXBTC15M-26JAN121830-30,no,buy,1,0.53,53,47,0.5300,0.4700,True,,2026-01-12T23:16:07.112203Z,1768259767
bdcb2293-a44a-50a2-25a7-cdb04cb91040,bdcb2293-a44a-50a2-25a7-cdb04cb91040,eb574d2d-d5d7-44ec-a4a7-af15b21d5b0d,KXBTC15M-26JAN121815-15,KXBTC15M-26JAN121815-15,no,buy,1,0.47,47,53,0.4700,0.5300,True,,2026-01-12T23:01:17.684109Z,1768258877
c8e75bb1-2245-435d-0f7d-2f93238a09a9,c8e75bb1-2245-435d-0f7d-2f93238a09a9,32f0cdf6-7236-404a-a8c7-90e99258c90e,KXBTC15M-26JAN121815-15,KXBTC15M-26JAN121815-15,no,buy,1,0.54,54,46,0.5400,0.4600,True,,2026-01-12T23:01:11.263195Z,1768258871
5b88a7ae-474a-714b-c48a-125ab17e68eb,5b88a7ae-474a-714b-c48a-125ab17e68eb,a5d1a9ce-6883-4e60-9d78-efefb24a2b7e,KXBTC15M-26JAN121800-00,KXBTC15M-26JAN121800-00,no,buy,1,0.42,42,58,0.4200,0.5800,True,,2026-01-12T22:46:04.005917Z,1768257964
804b8eae-cbc7-6b14-2292-1ea1d4db1fed,804b8eae-cbc7-6b14-2292-1ea1d4db1fed,c25e8137-d0da-4920-a144-fe50fef276ba,KXBTC15M-26JAN121745-45,KXBTC15M-26JAN121745-45,no,buy,1,0.35,35,65,0.3500,0.6500,True,,2026-01-12T22:31:04.357053Z,1768257064
475ccf2d-fa11-6aa3-14f9-b5b35961288c,475ccf2d-fa11-6aa3-14f9-b5b35961288c,c25e8137-d0da-4920-a144-fe50fef276ba,KXBTC15M-26JAN121745-45,KXBTC15M-26JAN121745-45,no,buy,1,0.35,35,65,0.3500,0.6500,True,,2026-01-12T22:31:04.357053Z,1768257064
1e672cf3-a5f1-5b86-4d64-fb3abee3e11d,1e672cf3-a5f1-5b86-4d64-fb3abee3e11d,cdc6e4b7-d384-460c-bc6b-e6cc682f735d,KXBTC15M-26JAN121730-30,KXBTC15M-26JAN121730-30,no,buy,1,0.22,22,78,0.2200,0.7800,True,,2026-01-12T22:16:12.149005Z,1768256172
531cc499-ae2e-43c3-8cc3-fca299e7135f,531cc499-ae2e-43c3-8cc3-fca299e7135f,5c549fe7-ddc9-41d2-82e2-16300af4196b,KXBTC15M-26JAN121730-30,KXBTC15M-26JAN121730-30,no,buy,1,0.2,20,80,0.2000,0.8000,True,,2026-01-12T22:16:05.700763Z,1768256165
598cd217-82c9-5f7b-4417-d2811ebd0e51,598cd217-82c9-5f7b-4417-d2811ebd0e51,0b4e0932-1658-44e5-b940-ace3537392d8,KXBTC15M-26JAN121715-15,KXBTC15M-26JAN121715-15,no,buy,1,0.87,87,13,0.8700,0.1300,True,,2026-01-12T22:03:56.161555Z,1768255436
903ea040-b544-5cbf-35c7-39fdafc9e33e,903ea040-b544-5cbf-35c7-39fdafc9e33e,43a7f42b-dd49-44e4-a269-00cfae9cd5df,KXBTC15M-26JAN121715-15,KXBTC15M-26JAN121715-15,yes,sell,1,0.85,85,15,0.8500,0.1500,True,,2026-01-12T22:01:20.346384Z,1768255280
5383bcce-ddce-6e29-eccb-b4dcb17d92cc,5383bcce-ddce-6e29-eccb-b4dcb17d92cc,a32da80b-8a52-4963-972d-a481e06d1d30,KXBTC15M-26JAN121715-15,KXBTC15M-26JAN121715-15,no,buy,1,0.86,86,14,0.8600,0.1400,True,,2026-01-12T22:01:13.753497Z,1768255273
546349af-b512-6672-3e61-f25299ac9335,546349af-b512-6672-3e61-f25299ac9335,67f541b4-ec3e-4818-a63c-e1d3ab2e20e1,KXBTC15M-26JAN121700-00,KXBTC15M-26JAN121700-00,no,buy,2,0.31,31,69,0.3100,0.6900,True,,2026-01-12T21:46:00.054159Z,1768254360
8670fa57-433b-5ade-60fe-2bd1dcbddb73,8670fa57-433b-5ade-60fe-2bd1dcbddb73,4a36c2da-d252-455f-bbd5-a5a1946559d5,KXBTC15M-26JAN121630-30,KXBTC15M-26JAN121630-30,no,buy,1,0.25,25,75,0.2500,0.7500,True,,2026-01-12T21:23:15.904696Z,1768252995
536e5f8e-ea5b-424a-d423-ebd961bd4af6,536e5f8e-ea5b-424a-d423-ebd961bd4af6,dba160a6-e69a-43df-9a8c-97adcb2dad0b,KXBTC15M-26JAN121630-30,KXBTC15M-26JAN121630-30,no,buy,1,0.62,62,38,0.6200,0.3800,True,,2026-01-12T21:21:25.076545Z,1768252885
25b122e8-ffd9-7c48-32d8-1ec24ebfaf6c,25b122e8-ffd9-7c48-32d8-1ec24ebfaf6c,0016a34d-ca3c-4f72-a49a-4e35658849f9,KXBTC15M-26JAN121615-15,KXBTC15M-26JAN121615-15,no,buy,1,0.25,25,75,0.2500,0.7500,True,,2026-01-12T21:08:49.828169Z,1768252129
dc91844a-de27-476e-31ef-50d5299ad5e9,dc91844a-de27-476e-31ef-50d5299ad5e9,e0349279-1478-42bd-a53d-7f5bd01ad468,KXBTC15M-26JAN121615-15,KXBTC15M-26JAN121615-15,no,buy,1,0.17,17,83,0.1700,0.8300,True,,2026-01-12T21:06:36.932364Z,1768251996
4080e082-dd7e-7b88-e947-6335fa41441a,4080e082-dd7e-7b88-e947-6335fa41441a,73776898-91fd-4edd-9211-5a5563442ee9,KXBTC15M-26JAN121600-00,KXBTC15M-26JAN121600-00,yes,sell,2,0.57,57,43,0.5700,0.4300,True,,2026-01-12T20:58:44.155629Z,1768251524
d54769ee-819d-7396-34db-9542ffa7aded,d54769ee-819d-7396-34db-9542ffa7aded,c1d5202c-2bf5-4e5c-aa09-8aaf086d18c7,KXBTC15M-26JAN121600-00,KXBTC15M-26JAN121600-00,no,buy,1,0.41,41,59,0.4100,0.5900,True,,2026-01-12T20:56:49.625654Z,1768251409
e579d57b-9e5e-72ed-7a0f-7b6c6084ce66,e579d57b-9e5e-72ed-7a0f-7b6c6084ce66,3ec37e29-55e0-4fc6-bd63-8745443001cc,KXBTC15M-26JAN121600-00,KXBTC15M-26JAN121600-00,no,buy,1,0.44,44,56,0.4400,0.5600,True,,2026-01-12T20:56:31.19311Z,1768251391
b1cb1a56-80b9-74a6-c008-ee5467ba702c,b1cb1a56-80b9-74a6-c008-ee5467ba702c,1a08b02e-41dd-4cdb-92c6-5b634bc5cacc,KXBTC15M-26JAN121600-00,KXBTC15M-26JAN121600-00,yes,sell,2,0.56,56,44,0.5600,0.4400,True,,2026-01-12T20:56:05.128018Z,1768251365
95f66a07-9616-76a7-01d3-34642d397b0e,95f66a07-9616-76a7-01d3-34642d397b0e,28044537-4add-4ece-aa23-4bca67b617dd,KXBTC15M-26JAN121600-00,KXBTC15M-26JAN121600-00,no,buy,1,0.4,40,60,0.4000,0.6000,True,,2026-01-12T20:46:44.198487Z,1768250804
502e2ee1-64a6-4c0f-d299-5e90f01fcc62,502e2ee1-64a6-4c0f-d299-5e90f01fcc62,9972540e-f671-4064-9ef1-d17750ffba06,KXBTC15M-26JAN121600-00,KXBTC15M-26JAN121600-00,no,buy,1,0.4,40,60,0.4000,0.6000,True,,2026-01-12T20:46:37.782167Z,1768250797
8803c94c-12a0-78d8-6ae4-1bfb6cded9ab,8803c94c-12a0-78d8-6ae4-1bfb6cded9ab,600b219a-c779-4eb6-bda9-a1e528be7351,KXBTC15M-26JAN121545-45,KXBTC15M-26JAN121545-45,no,buy,1,0.32,32,68,0.3200,0.6800,True,,2026-01-12T20:31:15.683498Z,1768249875
35fc7e6e-f113-6d97-c2d0-3b0431019eb5,35fc7e6e-f113-6d97-c2d0-3b0431019eb5,c0aa0286-8c08-4ad8-9dc4-3ea8afbf7f29,KXBTC15M-26JAN121545-45,KXBTC15M-26JAN121545-45,no,buy,1,0.39,39,61,0.3900,0.6100,True,,2026-01-12T20:31:03.341681Z,1768249863
