fill_id,trade_id,order_id,ticker,market_ticker,side,action,count,price,yes_price,no_price,yes_price_fixed,no_price_fixed,is_taker,client_order_id,created_time,ts
cc50dc00-0a6f-4f58-4f4b-d84c7ce51ba6,cc50dc00-0a6f-4f58-4f4b-d84c7ce51ba6,3ad62ab3-a552-4086-b23b-daeb599b73d8,KXBTC15M-26JAN171530-30,KXBTC15M-26JAN171530-30,no,buy,1,0.51,51,49,0.5100,0.4900,True,,2026-01-17T20:19:49.513896Z,1768681189
72ee8984-edcb-7ba1-679b-6b8c0105cf3d,72ee8984-edcb-7ba1-679b-6b8c0105cf3d,aae053f7-a132-4e37-b03d-e21038e67fed,KXBTC15M-26JAN171530-30,KXBTC15M-26JAN171530-30,no,buy,1,0.49,49,51,0.4900,0.5100,True,,2026-01-17T20:19:27.006367Z,1768681167
1cadac63-6619-579d-cdbe-2005ff226476,1cadac63-6619-579d-cdbe-2005ff226476,665011f9-0a35-4534-9be9-0ece56c00ae1,KXBTC15M-26JAN171530-30,KXBTC15M-26JAN171530-30,no,buy,1,0.5,50,50,0.5000,0.5000,True,,2026-01-17T20:19:06.716101Z,1768681146
5f71bcdd-9b79-4ef0-e128-8151ba31685a,5f71bcdd-9b79-4ef0-e128-8151ba31685a,56819d1b-d99f-42f8-9c39-4045338f12fe,KXBTC15M-26JAN171530-30,KXBTC15M-26JAN171530-30,no,buy,1,0.47,47,53,0.4700,0.5300,True,,2026-01-17T20:17:40.119937Z,1768681060
93d6ca42-a1a1-6985-fb9b-1563c48e4757,93d6ca42-a1a1-6985-fb9b-1563c48e4757,5125a2d0-4be0-4a0b-9777-3ca3c4959611,KXBTC15M-26JAN171530-30,KXBTC15M-26JAN171530-30,no,buy,1,0.45,45,55,0.4500,0.5500,True,,2026-01-17T20:16:55.077439Z,1768681015
cfc00292-8a86-7605-f139-fbd218dc15c8,cfc00292-8a86-7605-f139-fbd218dc15c8,6b4456da-9a61-4e13-9215-5069f9635f73,KXBTC15M-26JAN171530-30,KXBTC15M-26JAN171530-30,no,buy,1,0.45,45,55,0.4500,0.5500,True,,2026-01-17T20:16:34.723604Z,1768680994
9f85b2e1-afea-784c-7b59-2f6b299bd7de,9f85b2e1-afea-784c-7b59-2f6b299bd7de,e436bbd9-c9c5-4e64-b62c-fbff718d095e,KXBTC15M-26JAN171530-30,KXBTC15M-26JAN171530-30,no,buy,1,0.49,49,51,0.4900,0.5100,True,,2026-01-17T20:16:09.666489Z,1768680969
5a11e8d0-6207-74a8-4274-7de8b5357424,5a11e8d0-6207-74a8-4274-7de8b5357424,dc5c6363-2ca3-4d53-bffe-7b024611ef3f,KXBTC15M-26JAN171515-15,KXBTC15M-26JAN171515-15,no,buy,1,0.31,31,69,0.3100,0.6900,True,,2026-01-17T20:05:17.180325Z,1768680317
00f48463-9b11-7a01-5799-811feb1faa01,00f48463-9b11-7a01-5799-811feb1faa01,41dc8f3c-e91c-4c16-b9dc-7af3e09678d7,KXBTC15M-26JAN171515-15,KXBTC15M-26JAN171515-15,no,buy,1,0.4,40,60,0.4000,0.6000,True,,2026-01-17T20:04:49.893417Z,1768680289
42bd96a4-f382-6b61-2dcb-b5f14d4fdbe9,42bd96a4-f382-6b61-2dcb-b5f14d4fdbe9,eaeaf686-30b5-4b52-a40b-2e04ac5d5bb5,KXBTC15M-26JAN171515-15,KXBTC15M-26JAN171515-15,no,buy,1,0.4,40,60,0.4000,0.6000,True,,2026-01-17T20:04:24.556958Z,1768680264
2636b420-449d-5024-1c0a-3aaf54979834,2636b420-449d-5024-1c0a-3aaf54979834,05e76399-9b6c-46e7-a6ae-65f6fb0d4b9e,KXBTC15M-26JAN171515-15,KXBTC15M-26JAN171515-15,no,buy,1,0.46,46,54,0.4600,0.5400,True,,2026-01-17T20:03:25.941884Z,1768680205
c2ce2558-4fbf-6fe0-fc0b-f4ca3832f913,c2ce2558-4fbf-6fe0-fc0b-f4ca3832f913,b7d0f885-d423-4825-91cd-7f961f68c58b,KXBTC15M-26JAN171515-15,KXBTC15M-26JAN171515-15,no,buy,1,0.48,48,52,0.4800,0.5200,True,,2026-01-17T20:02:21.361227Z,1768680141
2970584b-bf81-7d5f-fb26-ad9d94465666,2970584b-bf81-7d5f-fb26-ad9d94465666,b898af10-3789-4e7f-9c73-2c01d102f12b,KXBTC15M-26JAN171515-15,KXBTC15M-26JAN171515-15,no,buy,1,0.47,47,53,0.4700,0.5300,True,,2026-01-17T20:01:37.407394Z,1768680097
119e2d7b-0f11-554b-0cb7-cc149d2036c3,119e2d7b-0f11-554b-0cb7-cc149d2036c3,cebd616b-14f2-47a7-a544-a0d3c5fbd244,KXBTC15M-26JAN171515-15,KXBTC15M-26JAN171515-15,no,buy,1,0.52,52,48,0.5200,0.4800,True,,2026-01-17T20:01:07.297314Z,1768680067
8f03ece1-0c0c-41af-9746-abf3a855f2b9,8f03ece1-0c0c-41af-9746-abf3a855f2b9,83cd04ba-a790-4275-8558-817395da278d,KXBTC15M-26JAN171500-00,KXBTC15M-26JAN171500-00,no,buy,1,0.39,39,61,0.3900,0.6100,True,,2026-01-17T19:50:05.065083Z,1768679405
f01eb7c4-56d9-7f0a-710a-ef7f5c38dcc9,f01eb7c4-56d9-7f0a-710a-ef7f5c38dcc9,89d3b7d2-a303-4d75-be0e-3ef3c674f6d3,KXBTC15M-26JAN171500-00,KXBTC15M-26JAN171500-00,no,buy,1,0.41,41,59,0.4100,0.5900,True,,2026-01-17T19:48:40.470207Z,1768679320
962d3996-f652-5156-4f89-3e0508ad5fd9,962d3996-f652-5156-4f89-3e0508ad5fd9,0abd7418-b42d-4667-bb73-7c4625b0a1c0,KXBTC15M-26JAN171500-00,KXBTC15M-26JAN171500-00,no,buy,1,0.41,41,59,0.4100,0.5900,True,,2026-01-17T19:48:32.837537Z,1768679312
302f7c85-989c-6f72-41a8-63dffaa346fd,302f7c85-989c-6f72-41a8-63dffaa346fd,3bad7720-4e27-4b5d-b55d-73cfa0f4b8c7,KXBTC15M-26JAN171500-00,KXBTC15M-26JAN171500-00,no,buy,1,0.41,41,59,0.4100,0.5900,True,,2026-01-17T19:48:20.518951Z,1768679300
2bbdfbc6-3b59-7730-29aa-03436014f53f,2bbdfbc6-3b59-7730-29aa-03436014f53f,68361adc-4d50-4d91-a4c2-2e3533880ce9,KXBTC15M-26JAN171500-00,KXBTC15M-26JAN171500-00,no,buy,1,0.41,41,59,0.4100,0.5900,True,,2026-01-17T19:48:11.831154Z,1768679291
8f378155-1341-4391-ae39-75bbd63821db,8f378155-1341-4391-ae39-75bbd63821db,0eebb701-4e2a-433d-84b9-77d2c51f2df2,KXBTC15M-26JAN171500-00,KXBTC15M-26JAN171500-00,no,buy,1,0.41,41,59,0.4100,0.5900,True,,2026-01-17T19:48:04.429658Z,1768679284
ef50d139-916e-4d00-126e-4d944289eeb2,ef50d139-916e-4d00-126e-4d944289eeb2,270c491d-8751-4211-ad68-6bb17951853e,KXBTC15M-26JAN171500-00,KXBTC15M-26JAN171500-00,no,buy,1,0.47,47,53,0.4700,0.5300,True,,2026-01-17T19:47:08.071395Z,1768679228
125d50b1-99b8-7372-3d01-ed98476c730e,125d50b1-99b8-7372-3d01-ed98476c730e,294c5275-886b-4e4e-a9fc-608c84e21487,KXBTC15M-26JAN171445-45,KXBTC15M-26JAN171445-45,yes,buy,1,0.74,74,26,0.7400,0.2600,True,,2026-01-17T19:42:06.88107Z,1768678926
e0091954-9489-69cc-f963-273f39b8727a,e0091954-9489-69cc-f963-273f39b8727a,0f13374e-6d67-4a98-925b-7ae5d13d0902,KXBTC15M-26JAN171445-45,KXBTC15M-26JAN171445-45,yes,sell,5,0.79,79,21,0.7900,0.2100,True,,2026-01-17T19:41:05.599977Z,1768678865
0a87231d-5165-72de-1a8e-0da3581b947b,0a87231d-5165-72de-1a8e-0da3581b947b,75e6507a-6f44-4d22-a4d6-8bdac2e960e3,KXBTC15M-26JAN171445-45,KXBTC15M-26JAN171445-45,yes,sell,2,0.7,70,30,0.7000,0.3000,True,,2026-01-17T19:36:56.791623Z,1768678616
46016470-5244-5d01-7151-d21cf53cf39a,46016470-5244-5d01-7151-d21cf53cf39a,cb64cd85-f8dd-4673-b9fe-849a5e6364a5,KXBTC15M-26JAN171445-45,KXBTC15M-26JAN171445-45,no,buy,1,0.49,49,51,0.4900,0.5100,True,,2026-01-17T19:33:12.080928Z,1768678392
d783d08f-161a-77e0-80fe-34cade0fd4d8,d783d08f-161a-77e0-80fe-34cade0fd4d8,b222a182-0979-4dec-8d26-7d1a3f8b4812,KXBTC15M-26JAN171445-45,KXBTC15M-26JAN171445-45,no,buy,1,0.51,51,49,0.5100,0.4900,True,,2026-01-17T19:32:55.326418Z,1768678375
19f136bd-a734-7ff9-c538-1e84caa0a9c6,19f136bd-a734-7ff9-c538-1e84caa0a9c6,9b53c108-e7b4-4ef6-9f07-609164f09f41,KXBTC15M-26JAN171445-45,KXBTC15M-26JAN171445-45,no,buy,1,0.5,50,50,0.5000,0.5000,True,,2026-01-17T19:32:45.945727Z,1768678365
84096457-8f99-5ac6-23a0-ec332f6175cb,84096457-8f99-5ac6-23a0-ec332f6175cb,1d4cfcf8-2210-4717-aaaf-138e51d80122,KXBTC15M-26JAN171445-45,KXBTC15M-26JAN171445-45,no,buy,1,0.48,48,52,0.4800,0.5200,True,,2026-01-17T19:32:06.490073Z,1768678326
ddddf88c-eed9-6656-ee82-1fd9c7b705ff,ddddf88c-eed9-6656-ee82-1fd9c7b705ff,4b39dbce-fa40-4833-99e7-af74ebed9d2f,KXBTC15M-26JAN171445-45,KXBTC15M-26JAN171445-45,no,buy,1,0.48,48,52,0.4800,0.5200,True,,2026-01-17T19:31:56.888612Z,1768678316
7f4feddc-a2af-417b-cf03-0a9d81b9806e,7f4feddc-a2af-417b-cf03-0a9d81b9806e,512431d3-1009-42f7-94a7-b07aaffb4896,KXBTC15M-26JAN171445-45,KXBTC15M-26JAN171445-45,no,buy,1,0.5,50,50,0.5000,0.5000,True,,2026-01-17T19:31:33.2607Z,1768678293
7f218aef-c729-6d5e-f38e-5bc02f7a05f8,7f218aef-c729-6d5e-f38e-5bc02f7a05f8,31b6362c-cda7-483a-91b2-94e5d98e99dd,KXBTC15M-26JAN171445-45,KXBTC15M-26JAN171445-45,no,buy,1,0.51,51,49,0.5100,0.4900,True,,2026-01-17T19:31:24.769918Z,1768678284
3b63e71a-16e6-4f8d-0808-ab7b96ffc6e2,3b63e71a-16e6-4f8d-0808-ab7b96ffc6e2,69fcc0f2-8a28-43e0-a200-c2f3b4372ba3,KXBTC15M-26JAN171430-30,KXBTC15M-26JAN171430-30,yes,buy,1,0.17,17,83,0.1700,0.8300,True,,2026-01-17T19:20:33.952696Z,1768677633
b61e8068-efc8-7a58-c3ca-5f122367ef70,b61e8068-efc8-7a58-c3ca-5f122367ef70,8e4679f5-14bd-4feb-94fa-bfe5830805d8,KXBTC15M-26JAN171430-30,KXBTC15M-26JAN171430-30,yes,buy,1,0.17,17,83,0.1700,0.8300,True,,2026-01-17T19:20:25.981676Z,1768677625
f616df2d-5cbf-7477-4b1f-f6515a5400cf,f616df2d-5cbf-7477-4b1f-f6515a5400cf,7ab207c5-b849-4dcf-b163-4c03736e8cb0,KXBTC15M-26JAN171430-30,KXBTC15M-26JAN171430-30,yes,buy,1,0.16,16,84,0.1600,0.8400,True,,2026-01-17T19:20:16.186329Z,1768677616
e9e791eb-1b39-632a-b2fe-dc4186eef028,e9e791eb-1b39-632a-b2fe-dc4186eef028,9cbcb2cd-0fc3-4805-8bbe-6e5d4fd7a174,KXBTC15M-26JAN171430-30,KXBTC15M-26JAN171430-30,yes,buy,1,0.17,17,83,0.1700,0.8300,True,,2026-01-17T19:20:03.861172Z,1768677603
736475e9-a8f3-56e8-9837-7b35fdf45380,736475e9-a8f3-56e8-9837-7b35fdf45380,399065e5-d9bf-470b-8ffb-2bd63d220b0e,KXBTC15M-26JAN171430-30,KXBTC15M-26JAN171430-30,yes,buy,1,0.19,19,81,0.1900,0.8100,True,,2026-01-17T19:19:54.252867Z,1768677594
908bc2f4-7c15-6ae3-b47d-7ea83e0323af,908bc2f4-7c15-6ae3-b47d-7ea83e0323af,b5a24a40-d813-4895-8878-2342b8f6c58e,KXBTC15M-26JAN171430-30,KXBTC15M-26JAN171430-30,yes,buy,1,0.2,20,80,0.2000,0.8000,True,,2026-01-17T19:19:46.233024Z,1768677586
addca2c6-199c-66f4-c9cf-42e35719fa29,addca2c6-199c-66f4-c9cf-42e35719fa29,e8d2681b-3c29-4afe-9da8-d2586289b8c3,KXBTC15M-26JAN171430-30,KXBTC15M-26JAN171430-30,yes,buy,1,0.25,25,75,0.2500,0.7500,True,,2026-01-17T19:19:37.130843Z,1768677577
e884d67a-0fe0-68dd-8dd8-a1542a3548d3,e884d67a-0fe0-68dd-8dd8-a1542a3548d3,d29128f9-6787-4b0d-8cb6-c3abd0ebe82f,KXBTC15M-26JAN171245-45,KXBTC15M-26JAN171245-45,no,buy,3,0.12,12,88,0.1200,0.8800,True,,2026-01-17T17:43:35.329953Z,1768671815
ffa1b145-4dec-7c51-7e1d-a8d6690f54a8,ffa1b145-4dec-7c51-7e1d-a8d6690f54a8,5418808e-c1e6-4db1-b68d-4013daed150d,KXBTC15M-26JAN171245-45,KXBTC15M-26JAN171245-45,no,buy,3,0.23,23,77,0.2300,0.7700,True,,2026-01-17T17:43:02.461425Z,1768671782
80b23e53-f88f-4265-fb02-29b253638d1a,80b23e53-f88f-4265-fb02-29b253638d1a,b35a0a92-ea45-4219-9b7f-9872235bd204,KXBTC15M-26JAN171245-45,KXBTC15M-26JAN171245-45,no,buy,1,0.28,28,72,0.2800,0.7200,True,,2026-01-17T17:42:53.46607Z,1768671773
f70d747e-713a-6e44-b405-62476a7d53fc,f70d747e-713a-6e44-b405-62476a7d53fc,b5ec38c0-5dc7-4b7d-8689-cb35a72f6657,KXBTC15M-26JAN171245-45,KXBTC15M-26JAN171245-45,no,sell,3,0.4,40,60,0.4000,0.6000,True,,2026-01-17T17:42:21.460019Z,1768671741
221da2cf-8d04-67b8-93ea-edb62f0fba85,221da2cf-8d04-67b8-93ea-edb62f0fba85,b5ec38c0-5dc7-4b7d-8689-cb35a72f6657,KXBTC15M-26JAN171245-45,KXBTC15M-26JAN171245-45,no,sell,3,0.4,40,60,0.4000,0.6000,True,,2026-01-17T17:42:21.460019Z,1768671741
6e97ba04-f1b8-6d32-4fb7-b0b967f521e7,6e97ba04-f1b8-6d32-4fb7-b0b967f521e7,508a1222-2a63-48ad-b928-a41c4d43dd46,KXBTC15M-26JAN171245-45,KXBTC15M-26JAN171245-45,no,sell,1,0.38,38,62,0.3800,0.6200,True,,2026-01-17T17:42:12.961222Z,1768671732
461a1c81-295e-4c50-3b5a-62e4f5da2113,461a1c81-295e-4c50-3b5a-62e4f5da2113,6d2481a4-6adb-427b-a613-558a4313fcaa,KXBTC15M-26JAN171245-45,KXBTC15M-26JAN171245-45,yes,buy,1,0.56,56,44,0.5600,0.4400,True,,2026-01-17T17:38:04.638701Z,1768671484
8de757c0-6184-4477-c8c0-86d80b1b8f1f,8de757c0-6184-4477-c8c0-86d80b1b8f1f,0e5ed5cc-6fcc-408a-9692-c7a303bc02bb,KXBTC15M-26JAN171245-45,KXBTC15M-26JAN171245-45,yes,buy,1,0.55,55,45,0.5500,0.4500,True,,2026-01-17T17:37:52.203548Z,1768671472
cfddc9ea-31ab-6cad-e556-8596a42760eb,cfddc9ea-31ab-6cad-e556-8596a42760eb,3c204dde-8179-494a-9c8f-04075a80424f,KXBTC15M-26JAN171245-45,KXBTC15M-26JAN171245-45,yes,buy,1,0.65,65,35,0.6500,0.3500,True,,2026-01-17T17:36:24.515855Z,1768671384
b430753d-e4ad-4803-1b0f-5bd820024141,b430753d-e4ad-4803-1b0f-5bd820024141,353c8de8-0583-42b0-ac4a-52862361ac13,KXBTC15M-26JAN171245-45,KXBTC15M-26JAN171245-45,yes,buy,1,0.7,70,30,0.7000,0.3000,True,,2026-01-17T17:36:15.586757Z,1768671375
bedb89d8-f73a-772d-0b37-c20497e28c07,bedb89d8-f73a-772d-0b37-c20497e28c07,1393f5c8-ec9e-4d4d-a58d-947040c4ea01,KXBTC15M-26JAN171245-45,KXBTC15M-26JAN171245-45,yes,buy,1,0.58,58,42,0.5800,0.4200,True,,2026-01-17T17:35:26.601895Z,1768671326
6be91b91-f144-6927-6903-a0d4b0c302d1,6be91b91-f144-6927-6903-a0d4b0c302d1,6ddf7246-53d6-4979-b356-438fa19d83ef,KXBTC15M-26JAN171245-45,KXBTC15M-26JAN171245-45,yes,buy,1,0.49,49,51,0.4900,0.5100,True,,2026-01-17T17:35:06.578508Z,1768671306
b34cf78a-59c2-6687-be7f-9400260cf16d,b34cf78a-59c2-6687-be7f-9400260cf16d,fe1dfe58-85a0-4831-81a9-2e965e07c65f,KXBTC15M-26JAN171245-45,KXBTC15M-26JAN171245-45,yes,buy,1,0.38,38,62,0.3800,0.6200,True,,2026-01-17T17:32:52.705304Z,1768671172
9a45707f-b2cd-421c-087d-249a1ce6e51a,9a45707f-b2cd-421c-087d-249a1ce6e51a,b721bde5-9b77-4270-a049-d912af2e6bdc,KXBTC15M-26JAN171230-30,KXBTC15M-26JAN171230-30,yes,buy,1,0.86,86,14,0.8600,0.1400,True,,2026-01-17T17:25:32.07857Z,1768670732
83b17cf0-4081-66cb-dd90-809c271b6399,83b17cf0-4081-66cb-dd90-809c271b6399,9d1dce4c-8dbf-4886-997a-63df9ec5705d,KXBTC15M-26JAN171230-30,KXBTC15M-26JAN171230-30,yes,buy,1,0.75,75,25,0.7500,0.2500,True,,2026-01-17T17:25:19.537408Z,1768670719
46e8b65c-05e2-4606-5a26-a1e92ac4a403,46e8b65c-05e2-4606-5a26-a1e92ac4a403,3ec2789f-c486-4069-b5f8-ad78bb02a2de,KXBTC15M-26JAN171230-30,KXBTC15M-26JAN171230-30,yes,sell,1,0.67,67,33,0.6700,0.3300,True,,2026-01-17T17:21:05.481026Z,1768670465
4c803c15-8d9b-4811-2709-0fcc65e4877b,4c803c15-8d9b-4811-2709-0fcc65e4877b,7f4ee734-a25c-4267-abc2-eac76eaa373b,KXBTC15M-26JAN171230-30,KXBTC15M-26JAN171230-30,no,buy,1,0.61,61,39,0.6100,0.3900,True,,2026-01-17T17:20:27.99636Z,1768670427
f85d4e99-1036-5b3b-51b1-53afa40573f1,f85d4e99-1036-5b3b-51b1-53afa40573f1,e2c5a637-1e31-4766-bc30-f3eaced32bb4,KXBTC15M-26JAN171215-15,KXBTC15M-26JAN171215-15,yes,buy,1,0.8,80,20,0.8000,0.2000,True,,2026-01-17T17:10:05.383209Z,1768669805
f29e249e-4cb4-6e1c-6891-5aeb16cdf15a,f29e249e-4cb4-6e1c-6891-5aeb16cdf15a,240378c0-8e45-4aac-b396-3052967bb49c,KXBTC15M-26JAN171215-15,KXBTC15M-26JAN171215-15,yes,buy,1,0.75,75,25,0.7500,0.2500,True,,2026-01-17T17:09:56.79977Z,1768669796
6972d753-fcfc-661d-1538-f07ef5daf881,6972d753-fcfc-661d-1538-f07ef5daf881,deade649-d440-4b0a-a05c-a9055f7ca027,KXBTC15M-26JAN171215-15,KXBTC15M-26JAN171215-15,yes,buy,1,0.7,70,30,0.7000,0.3000,True,,2026-01-17T17:09:39.414779Z,1768669779
4968474f-fad0-526d-f14c-6da054145ebd,4968474f-fad0-526d-f14c-6da054145ebd,96ab424e-d5cb-4616-9941-8e72f70f09a8,KXBTC15M-26JAN171215-15,KXBTC15M-26JAN171215-15,yes,buy,1,0.7,70,30,0.7000,0.3000,True,,2026-01-17T17:09:26.830422Z,1768669766
f11afbc2-fd48-5bf8-5d7e-d56ef8a310fb,f11afbc2-fd48-5bf8-5d7e-d56ef8a310fb,885968ca-ad46-4767-b871-8fb12d33242e,KXBTC15M-26JAN171215-15,KXBTC15M-26JAN171215-15,yes,sell,1,0.79,79,21,0.7900,0.2100,True,,2026-01-17T17:07:16.057315Z,1768669636
d74c22b6-599d-6d4d-f31a-34920d80ceff,d74c22b6-599d-6d4d-f31a-34920d80ceff,1886e8c0-4b02-4825-9cfe-5159ce9cf2cc,KXBTC15M-26JAN171215-15,KXBTC15M-26JAN171215-15,no,buy,1,0.42,42,58,0.4200,0.5800,True,,2026-01-17T17:05:25.80904Z,1768669525
14828212-2625-5448-3774-03044885cfbc,14828212-2625-5448-3774-03044885cfbc,ebd397bf-56a3-4792-a497-1f0a1341e2f2,KXBTC15M-26JAN171200-00,KXBTC15M-26JAN171200-00,no,sell,2,0.24,24,76,0.2400,0.7600,True,,2026-01-17T16:48:41.07519Z,1768668521
ad38e6ff-fed0-5309-35a1-02e7e634e62c,ad38e6ff-fed0-5309-35a1-02e7e634e62c,6d2feb8b-2515-44e0-a694-008101dc1992,KXBTC15M-26JAN171200-00,KXBTC15M-26JAN171200-00,yes,buy,1,0.28,28,72,0.2800,0.7200,True,,2026-01-17T16:48:32.063839Z,1768668512
31b98e87-5d85-4f6b-e500-4c34f0dfdf5c,31b98e87-5d85-4f6b-e500-4c34f0dfdf5c,62fb15f8-b748-429b-9979-21d5bf051157,KXBTC15M-26JAN171200-00,KXBTC15M-26JAN171200-00,yes,buy,1,0.27,27,73,0.2700,0.7300,True,,2026-01-17T16:48:22.574492Z,1768668502
ddd3175e-5d36-5ef2-d81c-cb2a9f7af8b8,ddd3175e-5d36-5ef2-d81c-cb2a9f7af8b8,3524baf1-2aac-44e2-9da2-906772b002e8,KXBTC15M-26JAN171145-45,KXBTC15M-26JAN171145-45,no,buy,3,0.12,12,88,0.1200,0.8800,True,,2026-01-17T16:43:11.024447Z,1768668191
5aeb49d1-3174-44eb-b84f-c53875e1c33c,5aeb49d1-3174-44eb-b84f-c53875e1c33c,def97660-25bf-42cc-8334-70f7638cc216,KXBTC15M-26JAN171145-45,KXBTC15M-26JAN171145-45,no,buy,1,0.14,14,86,0.1400,0.8600,True,,2026-01-17T16:42:04.969974Z,1768668124
88ffd803-906d-41c5-42e0-094842893edc,88ffd803-906d-41c5-42e0-094842893edc,0144b746-ec39-4072-b5ef-d3697626ca15,KXBTC15M-26JAN171145-45,KXBTC15M-26JAN171145-45,no,buy,1,0.13,13,87,0.1300,0.8700,True,,2026-01-17T16:41:35.41378Z,1768668095
eb675874-2005-5271-c4c1-c6dd9e1ac4a7,eb675874-2005-5271-c4c1-c6dd9e1ac4a7,fba49cd2-df4d-4654-9b39-ff4a6424ac13,KXBTC15M-26JAN171145-45,KXBTC15M-26JAN171145-45,no,buy,1,0.11,11,89,0.1100,0.8900,True,,2026-01-17T16:41:10.805422Z,1768668070
d1b87a2e-e14e-7ab8-8476-412ae4e18e3a,d1b87a2e-e14e-7ab8-8476-412ae4e18e3a,be4dd781-bf84-4fa0-8587-7bf992b0c99a,KXBTC15M-26JAN171145-45,KXBTC15M-26JAN171145-45,no,sell,7,0.13,13,87,0.1300,0.8700,True,,2026-01-17T16:40:50.709337Z,1768668050
30418a0e-dd8d-60aa-9983-cd70c09722b8,30418a0e-dd8d-60aa-9983-cd70c09722b8,b992dc15-86a3-48cc-89d4-9f1da409324e,KXBTC15M-26JAN171145-45,KXBTC15M-26JAN171145-45,yes,buy,1,0.22,22,78,0.2200,0.7800,True,,2026-01-17T16:34:29.449912Z,1768667669
0ac31a23-bd45-59fb-27a5-6b26e3d1c928,0ac31a23-bd45-59fb-27a5-6b26e3d1c928,3282f43a-6a1d-4732-a848-495b4fae81bc,KXBTC15M-26JAN171145-45,KXBTC15M-26JAN171145-45,yes,buy,1,0.25,25,75,0.2500,0.7500,True,,2026-01-17T16:34:21.562839Z,1768667661
cea1944e-505b-74ef-858f-8d094035d04e,cea1944e-505b-74ef-858f-8d094035d04e,a0b23d2b-4205-4f80-8d13-a760675ec000,KXBTC15M-26JAN171145-45,KXBTC15M-26JAN171145-45,yes,buy,1,0.25,25,75,0.2500,0.7500,True,,2026-01-17T16:34:11.326676Z,1768667651
7c6ae302-988d-653a-ab93-31b3c3adaedc,7c6ae302-988d-653a-ab93-31b3c3adaedc,a4a90297-cd74-4bb7-87ab-35c0c899f164,KXBTC15M-26JAN171145-45,KXBTC15M-26JAN171145-45,yes,buy,1,0.24,24,76,0.2400,0.7600,True,,2026-01-17T16:34:04.057232Z,1768667644
defd78a3-76b1-53df-14a5-45c719253c54,defd78a3-76b1-53df-14a5-45c719253c54,cd35c413-806c-4702-a61c-aefc22216f71,KXBTC15M-26JAN171145-45,KXBTC15M-26JAN171145-45,yes,buy,1,0.36,36,64,0.3600,0.6400,True,,2026-01-17T16:33:16.019591Z,1768667596
97696550-0fd6-7b34-799e-5ffd24343711,97696550-0fd6-7b34-799e-5ffd24343711,f9cc87f3-02b3-4f36-b6b2-548163691aff,KXBTC15M-26JAN171145-45,KXBTC15M-26JAN171145-45,yes,buy,1,0.35,35,65,0.3500,0.6500,True,,2026-01-17T16:33:07.104751Z,1768667587
fe5696d2-54f3-4055-4e4b-072fe2d736f2,fe5696d2-54f3-4055-4e4b-072fe2d736f2,ad96b2db-b39b-4180-b91b-28e40e7f78f8,KXBTC15M-26JAN171145-45,KXBTC15M-26JAN171145-45,yes,buy,1,0.37,37,63,0.3700,0.6300,True,,2026-01-17T16:32:56.418228Z,1768667576
2e3979b6-103e-4662-09d9-2f8d4ba07d8d,2e3979b6-103e-4662-09d9-2f8d4ba07d8d,036582eb-133a-42fb-a3cc-6ca3575535e2,KXBTC15M-26JAN171130-30,KXBTC15M-26JAN171130-30,no,buy,1,0.41,41,59,0.4100,0.5900,True,,2026-01-17T16:18:07.562331Z,1768666687
a28b8fd6-65e9-6dbb-d1ed-f6f664cfc529,a28b8fd6-65e9-6dbb-d1ed-f6f664cfc529,8b50f43c-464b-4ba3-95e1-73672e9d27d4,KXBTC15M-26JAN171130-30,KXBTC15M-26JAN171130-30,no,buy,1,0.42,42,58,0.4200,0.5800,True,,2026-01-17T16:17:56.995268Z,1768666676
3f6a7b0a-3c1a-6d25-d220-ac04886ca733,3f6a7b0a-3c1a-6d25-d220-ac04886ca733,00a29b8f-eaaa-4b2f-9fc4-81b9a842a91a,KXBTC15M-26JAN171130-30,KXBTC15M-26JAN171130-30,no,buy,1,0.44,44,56,0.4400,0.5600,True,,2026-01-17T16:17:48.898803Z,1768666668
f4ac6bce-66d7-50df-04d1-ea1a6c3c7a15,f4ac6bce-66d7-50df-04d1-ea1a6c3c7a15,cc84aa60-a07b-4605-aa11-1a43483623a6,KXBTC15M-26JAN171130-30,KXBTC15M-26JAN171130-30,no,buy,1,0.43,43,57,0.4300,0.5700,True,,2026-01-17T16:17:41.182236Z,1768666661
a6f2b68a-9e1c-519e-1560-d472c318ff70,a6f2b68a-9e1c-519e-1560-d472c318ff70,b27539af-08d3-4408-a77e-0358a495e5b4,KXBTC15M-26JAN171130-30,KXBTC15M-26JAN171130-30,no,buy,1,0.45,45,55,0.4500,0.5500,True,,2026-01-17T16:16:16.680964Z,1768666576
657742cd-bf7f-5bd4-2c49-6437b5a568ff,657742cd-bf7f-5bd4-2c49-6437b5a568ff,13441e5e-c6c5-4602-afd0-0c0f86154d9d,KXBTC15M-26JAN171130-30,KXBTC15M-26JAN171130-30,no,buy,1,0.52,52,48,0.5200,0.4800,True,,2026-01-17T16:16:09.123365Z,1768666569
dfdf8e9d-b3a5-623e-d0c3-f83fc076afca,dfdf8e9d-b3a5-623e-d0c3-f83fc076afca,925308c8-f1e3-4800-9c66-36c0db7daca4,KXBTC15M-26JAN171115-15,KXBTC15M-26JAN171115-15,no,sell,4,0.16,16,84,0.1600,0.8400,True,,2026-01-17T16:09:14.246898Z,1768666154
a7b2807f-dfb9-5e04-f973-88348bf7371f,a7b2807f-dfb9-5e04-f973-88348bf7371f,89248e1f-7da1-473a-9dde-3ec1dad9b485,KXBTC15M-26JAN171115-15,KXBTC15M-26JAN171115-15,yes,buy,1,0.12,12,88,0.1200,0.8800,True,,2026-01-17T16:07:56.792719Z,1768666076
9c3af392-78e4-57e8-b6fb-19cf14e38e16,9c3af392-78e4-57e8-b6fb-19cf14e38e16,a5184ccb-8d9b-4545-8d27-4cba852205ee,KXBTC15M-26JAN171115-15,KXBTC15M-26JAN171115-15,yes,buy,1,0.37,37,63,0.3700,0.6300,True,,2026-01-17T16:04:23.980668Z,1768665863
227fb473-5d76-5ed4-5f0f-d4d723118f8a,227fb473-5d76-5ed4-5f0f-d4d723118f8a,e2b4b4a5-5b8d-4546-b09b-5dbaac92f114,KXBTC15M-26JAN171115-15,KXBTC15M-26JAN171115-15,yes,buy,1,0.25,25,75,0.2500,0.7500,True,,2026-01-17T16:02:07.864316Z,1768665727
f3d6ac74-197e-7064-222d-4e74d486095a,f3d6ac74-197e-7064-222d-4e74d486095a,16def2a4-8a8f-4eea-afd3-fb12517710a0,KXBTC15M-26JAN171115-15,KXBTC15M-26JAN171115-15,yes,buy,1,0.25,25,75,0.2500,0.7500,True,,2026-01-17T16:01:56.600587Z,1768665716
277423fb-fdcb-74ce-e72b-b6da38d4645d,277423fb-fdcb-74ce-e72b-b6da38d4645d,a8b47538-3abe-4f6e-9c94-2aaccff62287,KXBTC15M-26JAN171100-00,KXBTC15M-26JAN171100-00,no,buy,4,0.45,45,55,0.4500,0.5500,True,,2026-01-17T15:58:03.233254Z,1768665483
42b570d3-23a4-51f8-9940-032c83cc7a62,42b570d3-23a4-51f8-9940-032c83cc7a62,a55f6f19-1b00-4508-8eb8-c973cfda33b3,KXBTC15M-26JAN171100-00,KXBTC15M-26JAN171100-00,no,buy,1,0.48,48,52,0.4800,0.5200,True,,2026-01-17T15:57:40.927832Z,1768665460
85b760c5-5bb2-50e4-a475-490bc57c0968,85b760c5-5bb2-50e4-a475-490bc57c0968,26920dd1-fdee-4628-8cb1-2458058e8540,KXBTC15M-26JAN171100-00,KXBTC15M-26JAN171100-00,no,buy,1,0.49,49,51,0.4900,0.5100,True,,2026-01-17T15:57:28.769823Z,1768665448
0e05570f-d4b6-64f0-3e87-1047e985a65c,0e05570f-d4b6-64f0-3e87-1047e985a65c,c47e8023-5e2f-4b2d-aa0d-b20b0eb0ee8d,KXBTC15M-26JAN171100-00,KXBTC15M-26JAN171100-00,no,buy,1,0.49,49,51,0.4900,0.5100,True,,2026-01-17T15:57:09.79345Z,1768665429
6ef0eb87-fe63-7621-7808-209f8cee6dc0,6ef0eb87-fe63-7621-7808-209f8cee6dc0,f09363e5-ca05-4f1a-b003-bebabe19a064,KXBTC15M-26JAN171100-00,KXBTC15M-26JAN171100-00,no,sell,4,0.17,17,83,0.1700,0.8300,True,,2026-01-17T15:55:10.626757Z,1768665310
a294b864-2194-6098-8bb7-2f7b49172d5d,a294b864-2194-6098-8bb7-2f7b49172d5d,63d0ad20-e640-4b1b-81d9-06e23ae8df37,KXBTC15M-26JAN171100-00,KXBTC15M-26JAN171100-00,yes,buy,1,0.07,7,93,0.0700,0.9300,True,,2026-01-17T15:53:43.128818Z,1768665223
3e7b6c0a-67d4-47c3-5520-8fe5507f36d7,3e7b6c0a-67d4-47c3-5520-8fe5507f36d7,43f8d772-0db7-43c5-bb1b-a810be65e31a,KXBTC15M-26JAN171100-00,KXBTC15M-26JAN171100-00,yes,buy,2,0.08,8,92,0.0800,0.9200,True,,2026-01-17T15:53:28.938695Z,1768665208
d2c8bb5f-5c7c-45ee-3b0f-b464ad4bd8c3,d2c8bb5f-5c7c-45ee-3b0f-b464ad4bd8c3,6fd16e6b-7034-433f-a2c7-91f38f1f5b53,KXBTC15M-26JAN171100-00,KXBTC15M-26JAN171100-00,yes,buy,1,0.06,6,94,0.0600,0.9400,True,,2026-01-17T15:52:48.416545Z,1768665168
f294c6ec-85f4-48c0-e7b9-70fe76c12804,f294c6ec-85f4-48c0-e7b9-70fe76c12804,f6940963-e52c-4325-9af8-73cf379ab280,KXBTC15M-26JAN171045-45,KXBTC15M-26JAN171045-45,yes,sell,7,0.84,84,16,0.8400,0.1600,True,,2026-01-17T15:40:06.877939Z,1768664406
62250196-94d3-471c-07d4-8f5f5832dd1b,62250196-94d3-471c-07d4-8f5f5832dd1b,8b21927d-da81-4240-ae31-a325eaebd20e,KXBTC15M-26JAN171045-45,KXBTC15M-26JAN171045-45,no,buy,1,0.69,69,31,0.6900,0.3100,True,,2026-01-17T15:35:23.131693Z,1768664123
dd520cdc-e997-4524-7daf-51596b405187,dd520cdc-e997-4524-7daf-51596b405187,a4fc512f-45d0-42ce-b0af-54a466377129,KXBTC15M-26JAN171045-45,KXBTC15M-26JAN171045-45,no,buy,1,0.69,69,31,0.6900,0.3100,True,,2026-01-17T15:35:15.686992Z,1768664115
6935d6d4-0bc1-741e-d7e0-0741c9d5d2c0,6935d6d4-0bc1-741e-d7e0-0741c9d5d2c0,f9855e98-386c-4e27-94fa-efeab9a3ac7f,KXBTC15M-26JAN171045-45,KXBTC15M-26JAN171045-45,no,buy,1,0.68,68,32,0.6800,0.3200,True,,2026-01-17T15:35:08.058813Z,1768664108
0f54b027-075a-5e53-05df-42b18e7ae7e1,0f54b027-075a-5e53-05df-42b18e7ae7e1,32f49c4c-3679-45f6-a5b4-41d6b10c0b33,KXBTC15M-26JAN171045-45,KXBTC15M-26JAN171045-45,no,buy,1,0.69,69,31,0.6900,0.3100,True,,2026-01-17T15:34:58.005522Z,1768664098
446828f1-8629-5816-ae7a-f71c0afe69bc,446828f1-8629-5816-ae7a-f71c0afe69bc,72d22111-5b16-4525-8a9c-53fdc96942a0,KXBTC15M-26JAN171045-45,KXBTC15M-26JAN171045-45,no,buy,1,0.68,68,32,0.6800,0.3200,True,,2026-01-17T15:34:49.783163Z,1768664089
46fc292f-6e52-6d14-0830-55292f2198c7,46fc292f-6e52-6d14-0830-55292f2198c7,e4430cd6-af3a-4a2a-a10d-6a1f30f62ee8,KXBTC15M-26JAN171045-45,KXBTC15M-26JAN171045-45,no,buy,1,0.71,71,29,0.7100,0.2900,True,,2026-01-17T15:34:34.232397Z,1768664074
114a3909-1c8f-43a8-6ffa-b2e5e4305535,114a3909-1c8f-43a8-6ffa-b2e5e4305535,a3a1511e-1051-42d8-b6ae-bd534b0da257,KXBTC15M-26JAN171045-45,KXBTC15M-26JAN171045-45,no,buy,1,0.64,64,36,0.6400,0.3600,True,,2026-01-17T15:33:59.588753Z,1768664039
64d59f6b-8fb8-79b5-ba41-88dec646a033,64d59f6b-8fb8-79b5-ba41-88dec646a033,6d29e5a9-0fac-4edf-817b-dc9e30238e67,KXBTC15M-26JAN171030-30,KXBTC15M-26JAN171030-30,no,buy,2,0.88,88,12,0.8800,0.1200,True,,2026-01-17T15:27:46.09144Z,1768663666
5ca8a5c1-ee38-69da-7e46-e3004f319b29,5ca8a5c1-ee38-69da-7e46-e3004f319b29,cf1ed470-f39c-49f3-beda-23b944e73dfe,KXBTC15M-26JAN171030-30,KXBTC15M-26JAN171030-30,no,buy,1,0.46,46,54,0.4600,0.5400,True,,2026-01-17T15:26:22.158256Z,1768663582
f9ef3374-6143-49a3-9f59-06923f4f75e7,f9ef3374-6143-49a3-9f59-06923f4f75e7,6993f074-175b-41af-8aa6-8bacade7b62c,KXBTC15M-26JAN171030-30,KXBTC15M-26JAN171030-30,no,buy,1,0.2,20,80,0.2000,0.8000,True,,2026-01-17T15:24:02.996571Z,1768663442
5fd8fea1-9dfa-6b2d-ed6c-3bc637775cd6,5fd8fea1-9dfa-6b2d-ed6c-3bc637775cd6,56f3fe30-030f-4976-9bf7-fe3d7a731a7e,KXBTC15M-26JAN171030-30,KXBTC15M-26JAN171030-30,no,buy,1,0.26,26,74,0.2600,0.7400,True,,2026-01-17T15:23:46.58775Z,1768663426
20fe3865-a1bc-7e0b-a2e7-942789c461b4,20fe3865-a1bc-7e0b-a2e7-942789c461b4,47fa7cf0-671a-4e01-82a5-5a4b20f48de9,KXBTC15M-26JAN171030-30,KXBTC15M-26JAN171030-30,no,buy,1,0.43,43,57,0.4300,0.5700,True,,2026-01-17T15:23:36.480054Z,1768663416
03564dee-eb24-7767-e1ca-f02665db7038,03564dee-eb24-7767-e1ca-f02665db7038,4f106192-b5bc-4c5a-926e-034b5bf3498a,KXBTC15M-26JAN171030-30,KXBTC15M-26JAN171030-30,no,sell,3,0.43,43,57,0.4300,0.5700,True,,2026-01-17T15:23:36.369595Z,1768663416
0c5cdab1-5ac7-46ab-a9ab-d764b46cafe6,0c5cdab1-5ac7-46ab-a9ab-d764b46cafe6,be4537ec-f7d8-423a-8366-a8b3ad72cb5d,KXBTC15M-26JAN171030-30,KXBTC15M-26JAN171030-30,yes,buy,1,0.61,61,39,0.6100,0.3900,True,,2026-01-17T15:18:09.403592Z,1768663089
d7160f1d-f1ee-4e25-7ac4-5432be4c10b7,d7160f1d-f1ee-4e25-7ac4-5432be4c10b7,5b96ecd8-a56b-4223-bba1-0c0ee16e9d85,KXBTC15M-26JAN171030-30,KXBTC15M-26JAN171030-30,yes,buy,1,0.58,58,42,0.5800,0.4200,True,,2026-01-17T15:17:48.924197Z,1768663068
79e5597f-9a22-60d1-f065-da00f5b9b5a3,79e5597f-9a22-60d1-f065-da00f5b9b5a3,b02a3940-3f98-499e-9909-6f827393f4c0,KXBTC15M-26JAN171030-30,KXBTC15M-26JAN171030-30,yes,buy,1,0.58,58,42,0.5800,0.4200,True,,2026-01-17T15:17:41.235346Z,1768663061
060a5d41-eac9-485b-a1ec-88b465927db3,060a5d41-eac9-485b-a1ec-88b465927db3,7e61587c-1caf-41c8-8da4-c4cc143b7d53,KXBTC15M-26JAN171015-15,KXBTC15M-26JAN171015-15,yes,buy,2,0.93,93,7,0.9300,0.0700,True,,2026-01-17T15:13:11.979304Z,1768662791
b9469935-d818-5a97-4146-c78d7f7f4c26,b9469935-d818-5a97-4146-c78d7f7f4c26,12f5948f-2f7c-4673-b3c2-54984dd360d7,KXBTC15M-26JAN171015-15,KXBTC15M-26JAN171015-15,yes,sell,7,0.95,95,5,0.9500,0.0500,True,,2026-01-17T15:13:02.477755Z,1768662782
b4b5d774-3290-4cc5-9005-b82ee1d9491d,b4b5d774-3290-4cc5-9005-b82ee1d9491d,d7f3737a-2429-404b-840e-5e082aa0eb3d,KXBTC15M-26JAN171015-15,KXBTC15M-26JAN171015-15,no,buy,2,0.94,94,6,0.9400,0.0600,True,,2026-01-17T15:11:12.211288Z,1768662672
53ee55ae-0f6c-4089-4bab-4ad114e880ed,53ee55ae-0f6c-4089-4bab-4ad114e880ed,6e2593cc-ab56-4358-b2e5-e2b7d7ec9941,KXBTC15M-26JAN171015-15,KXBTC15M-26JAN171015-15,no,buy,3,0.94,94,6,0.9400,0.0600,True,,2026-01-17T15:10:36.395268Z,1768662636
4beb17e7-d2a8-4386-ae4e-b7890fb92402,4beb17e7-d2a8-4386-ae4e-b7890fb92402,7aad4c00-2b2a-4344-8530-e7db95c80f77,KXBTC15M-26JAN171015-15,KXBTC15M-26JAN171015-15,no,buy,2,0.76,76,24,0.7600,0.2400,True,,2026-01-17T15:06:25.30285Z,1768662385
9f3ca242-654d-5db0-61f4-5587d669236d,9f3ca242-654d-5db0-61f4-5587d669236d,99c0e21c-9828-44ed-b86c-8640c326427e,KXBTC15M-26JAN171000-00,KXBTC15M-26JAN171000-00,no,buy,1,0.29,29,71,0.2900,0.7100,True,,2026-01-17T14:48:11.096419Z,1768661291
7cd34c9d-00c1-69c4-a280-890562a389cd,7cd34c9d-00c1-69c4-a280-890562a389cd,e13b19ab-414b-49f0-88b1-b1606e14e8d6,KXBTC15M-26JAN171000-00,KXBTC15M-26JAN171000-00,no,buy,1,0.29,29,71,0.2900,0.7100,True,,2026-01-17T14:48:04.014449Z,1768661284
2f831278-ea02-7993-e7f7-33b914155165,2f831278-ea02-7993-e7f7-33b914155165,d4a1c382-b29a-4c87-97f6-269789b44210,KXBTC15M-26JAN171000-00,KXBTC15M-26JAN171000-00,no,buy,1,0.3,30,70,0.3000,0.7000,True,,2026-01-17T14:47:46.777708Z,1768661266
4071589a-4373-6787-cf22-f0d94a941112,4071589a-4373-6787-cf22-f0d94a941112,44b0c013-ad6b-4ba6-9337-d9a9fc2674d9,KXBTC15M-26JAN170945-45,KXBTC15M-26JAN170945-45,yes,sell,7,0.93,93,7,0.9300,0.0700,True,,2026-01-17T14:41:04.96859Z,1768660864
eb9d7e95-94b5-617b-ea5a-0f546946d303,eb9d7e95-94b5-617b-ea5a-0f546946d303,48125628-e14d-4ab7-9903-5e8d11ffaf91,KXBTC15M-26JAN170945-45,KXBTC15M-26JAN170945-45,no,buy,1,0.83,83,17,0.8300,0.1700,True,,2026-01-17T14:38:55.950019Z,1768660735
a6bd8a37-31e7-7c33-0bf1-c9bbfa79de85,a6bd8a37-31e7-7c33-0bf1-c9bbfa79de85,1395da56-5605-4cce-a5fa-b903875bbb60,KXBTC15M-26JAN170945-45,KXBTC15M-26JAN170945-45,no,buy,1,0.81,81,19,0.8100,0.1900,True,,2026-01-17T14:38:44.827239Z,1768660724
14db662e-080d-72be-92e5-2552aadb6eaf,14db662e-080d-72be-92e5-2552aadb6eaf,c9ebc5d7-e1f1-4e90-8788-f2095acbc777,KXBTC15M-26JAN170945-45,KXBTC15M-26JAN170945-45,no,buy,1,0.79,79,21,0.7900,0.2100,True,,2026-01-17T14:38:29.29665Z,1768660709
827c5f50-6b42-518e-6dd4-3f14707007b2,827c5f50-6b42-518e-6dd4-3f14707007b2,bb5f93d2-ae72-47ab-b5d9-41202f327e27,KXBTC15M-26JAN170945-45,KXBTC15M-26JAN170945-45,no,buy,1,0.78,78,22,0.7800,0.2200,True,,2026-01-17T14:38:11.335661Z,1768660691
a5af3e9a-5bdf-53a6-c006-8b749a2d4a75,a5af3e9a-5bdf-53a6-c006-8b749a2d4a75,b4a3fd0a-8467-469e-9fa7-bdd9453b97fa,KXBTC15M-26JAN170945-45,KXBTC15M-26JAN170945-45,no,buy,1,0.83,83,17,0.8300,0.1700,True,,2026-01-17T14:37:59.654487Z,1768660679
78881674-9672-7c71-1d05-82f64071d437,78881674-9672-7c71-1d05-82f64071d437,c6c12666-3ac0-4f3f-a26f-8d7b98117b77,KXBTC15M-26JAN170945-45,KXBTC15M-26JAN170945-45,no,buy,1,0.76,76,24,0.7600,0.2400,True,,2026-01-17T14:37:51.354519Z,1768660671
89cf68fd-16d2-5df5-de9b-d167a524e9f3,89cf68fd-16d2-5df5-de9b-d167a524e9f3,90f1edfa-c5a2-4795-91e7-1e93e1212242,KXBTC15M-26JAN170945-45,KXBTC15M-26JAN170945-45,no,buy,1,0.73,73,27,0.7300,0.2700,True,,2026-01-17T14:36:50.493876Z,1768660610
0d5456a3-f394-56b3-d838-50cf43913ec2,0d5456a3-f394-56b3-d838-50cf43913ec2,e1eb747f-2732-4473-9c16-0daae10cbc4c,KXBTC15M-26JAN170930-30,KXBTC15M-26JAN170930-30,yes,sell,7,0.94,94,6,0.9400,0.0600,True,,2026-01-17T14:28:49.642711Z,1768660129
8d24df00-6a77-47c7-e65d-fd9610934596,8d24df00-6a77-47c7-e65d-fd9610934596,b852bcce-d5b8-40ba-96fd-60234b96da0b,KXBTC15M-26JAN170930-30,KXBTC15M-26JAN170930-30,no,buy,1,0.81,81,19,0.8100,0.1900,True,,2026-01-17T14:20:46.678096Z,1768659646
063a57e1-27bb-57c5-f25d-92b122433b8d,063a57e1-27bb-57c5-f25d-92b122433b8d,45302a23-38c6-4497-9b0c-b1fff5232efa,KXBTC15M-26JAN170930-30,KXBTC15M-26JAN170930-30,no,buy,1,0.79,79,21,0.7900,0.2100,True,,2026-01-17T14:20:13.152198Z,1768659613
446bdcc5-5aa4-4629-dfdd-cee82aef028b,446bdcc5-5aa4-4629-dfdd-cee82aef028b,8ab4662a-b3b4-4007-9419-e9f12d96fe2f,KXBTC15M-26JAN170930-30,KXBTC15M-26JAN170930-30,no,buy,1,0.77,77,23,0.7700,0.2300,True,,2026-01-17T14:19:51.786725Z,1768659591
f0f140eb-5cb5-529d-ee1b-43b110168adb,f0f140eb-5cb5-529d-ee1b-43b110168adb,97410bec-724c-455a-9cf9-7625fd8a2f44,KXBTC15M-26JAN170930-30,KXBTC15M-26JAN170930-30,no,buy,1,0.77,77,23,0.7700,0.2300,True,,2026-01-17T14:19:43.940468Z,1768659583
653b28f2-a503-7110-7c0f-230b07077929,653b28f2-a503-7110-7c0f-230b07077929,db2dfe2c-c1a6-4cb4-bce0-5fb708af5f5e,KXBTC15M-26JAN170930-30,KXBTC15M-26JAN170930-30,no,buy,1,0.76,76,24,0.7600,0.2400,True,,2026-01-17T14:19:24.149682Z,1768659564
62303a27-ea47-5814-86e2-3da5934cb25e,62303a27-ea47-5814-86e2-3da5934cb25e,80a0f2ce-0f66-4743-8c13-b186476e540c,KXBTC15M-26JAN170930-30,KXBTC15M-26JAN170930-30,no,buy,1,0.76,76,24,0.7600,0.2400,True,,2026-01-17T14:19:09.329903Z,1768659549
c84300b9-eb0c-6650-e518-417dc38f500c,c84300b9-eb0c-6650-e518-417dc38f500c,1b217cf3-6cab-4a45-9648-a0df7c389deb,KXBTC15M-26JAN170930-30,KXBTC15M-26JAN170930-30,no,buy,1,0.75,75,25,0.7500,0.2500,True,,2026-01-17T14:19:01.406804Z,1768659541
c0e2fdde-7557-7167-3d48-c79b1a06dd64,c0e2fdde-7557-7167-3d48-c79b1a06dd64,9dc6e162-8389-4f52-a5f6-ff952ed44c32,KXBTC15M-26JAN170915-15,KXBTC15M-26JAN170915-15,no,sell,7,0.03,3,97,0.0300,0.9700,True,,2026-01-17T14:13:02.558574Z,1768659182
c4d254aa-cad9-64c8-8ac3-d055284a7734,c4d254aa-cad9-64c8-8ac3-d055284a7734,1f938236-dd7c-4964-89d9-654b3dcb348b,KXBTC15M-26JAN170915-15,KXBTC15M-26JAN170915-15,yes,buy,1,0.2,20,80,0.2000,0.8000,True,,2026-01-17T14:07:23.224479Z,1768658843
a66473b8-2b9e-791c-4e30-6f968a698b34,a66473b8-2b9e-791c-4e30-6f968a698b34,dcd57ecf-f3ce-4c91-b404-e0928e2bf971,KXBTC15M-26JAN170915-15,KXBTC15M-26JAN170915-15,yes,buy,1,0.22,22,78,0.2200,0.7800,True,,2026-01-17T14:07:15.861368Z,1768658835
b5b8f164-aa12-4e62-af78-1913b73b15c5,b5b8f164-aa12-4e62-af78-1913b73b15c5,e7fcd8f3-63e7-434c-8a0f-4edd0c9ec624,KXBTC15M-26JAN170915-15,KXBTC15M-26JAN170915-15,yes,buy,1,0.25,25,75,0.2500,0.7500,True,,2026-01-17T14:05:50.64524Z,1768658750
17260f15-d322-487a-d8b4-56c54c802bf9,17260f15-d322-487a-d8b4-56c54c802bf9,8f5b676f-3dab-42ca-97fc-5d28b27009ab,KXBTC15M-26JAN170915-15,KXBTC15M-26JAN170915-15,yes,buy,1,0.25,25,75,0.2500,0.7500,True,,2026-01-17T14:05:43.198953Z,1768658743
c0b729ef-f317-6d13-29af-6bb522506c37,c0b729ef-f317-6d13-29af-6bb522506c37,4128194b-9e9e-48ac-a795-73778807f287,KXBTC15M-26JAN170915-15,KXBTC15M-26JAN170915-15,yes,buy,2,0.16,16,84,0.1600,0.8400,True,,2026-01-17T14:05:28.707808Z,1768658728
6aaea8d4-c150-5ffb-f6b5-2217dc708641,6aaea8d4-c150-5ffb-f6b5-2217dc708641,108b962c-5a7c-47d9-9537-7cadf3a1a6bf,KXBTC15M-26JAN170915-15,KXBTC15M-26JAN170915-15,no,sell,1,0.24,24,76,0.2400,0.7600,True,,2026-01-17T14:04:29.086361Z,1768658669
9ca99599-35d8-4a90-0dc3-df860abbc1a4,9ca99599-35d8-4a90-0dc3-df860abbc1a4,a6d7e0cb-8590-4392-a100-68210eb9a119,KXBTC15M-26JAN170915-15,KXBTC15M-26JAN170915-15,yes,buy,1,0.1,10,90,0.1000,0.9000,True,,2026-01-17T14:04:07.033492Z,1768658647
da3c1923-a321-5580-af94-9676eaa1504f,da3c1923-a321-5580-af94-9676eaa1504f,4606c4f2-4250-44ad-8045-ba2a096e0048,KXBTC15M-26JAN170915-15,KXBTC15M-26JAN170915-15,yes,buy,1,0.11,11,89,0.1100,0.8900,True,,2026-01-17T14:03:59.614975Z,1768658639
e54747a9-ba80-65e2-5ab0-32dc0f2e6187,e54747a9-ba80-65e2-5ab0-32dc0f2e6187,2509a32e-a736-48f4-b34f-4c9f0df02618,KXBTC15M-26JAN170900-00,KXBTC15M-26JAN170900-00,yes,buy,1,0.29,29,71,0.2900,0.7100,True,,2026-01-17T13:54:17.971341Z,1768658057
605289f0-c232-7b4f-0aed-5edd7d9e1874,605289f0-c232-7b4f-0aed-5edd7d9e1874,75062cf3-b030-4dab-ab45-6cd341c62d77,KXBTC15M-26JAN170900-00,KXBTC15M-26JAN170900-00,yes,buy,1,0.24,24,76,0.2400,0.7600,True,,2026-01-17T13:54:09.300103Z,1768658049
af2cdabd-e3a9-7a93-8b73-63872f2a8df5,af2cdabd-e3a9-7a93-8b73-63872f2a8df5,5a41d7e4-d331-4e41-8202-ae0a8c58a010,KXBTC15M-26JAN170900-00,KXBTC15M-26JAN170900-00,yes,buy,1,0.38,38,62,0.3800,0.6200,True,,2026-01-17T13:53:57.899794Z,1768658037
a8331c64-ffcd-712b-b413-e158fa8517a1,a8331c64-ffcd-712b-b413-e158fa8517a1,9b862652-9428-4caf-8dda-8ebd79334685,KXBTC15M-26JAN170900-00,KXBTC15M-26JAN170900-00,yes,buy,1,0.38,38,62,0.3800,0.6200,True,,2026-01-17T13:53:46.325777Z,1768658026
015653fd-4d5d-4de7-9054-c041264d6cb9,015653fd-4d5d-4de7-9054-c041264d6cb9,31df75b4-f88c-439c-84cb-46fb0e015843,KXBTC15M-26JAN170900-00,KXBTC15M-26JAN170900-00,yes,buy,1,0.38,38,62,0.3800,0.6200,True,,2026-01-17T13:53:37.896254Z,1768658017
630459b6-a48c-6e02-30a5-f209cae5b30d,630459b6-a48c-6e02-30a5-f209cae5b30d,08567b2d-b04f-49cf-a76a-3e5389f02f10,KXBTC15M-26JAN170900-00,KXBTC15M-26JAN170900-00,yes,buy,1,0.48,48,52,0.4800,0.5200,True,,2026-01-17T13:52:05.98088Z,1768657925
bfaf1bc8-f6c7-6610-58a7-7918166f87b3,bfaf1bc8-f6c7-6610-58a7-7918166f87b3,a401ce2d-2976-49d6-bb93-3a4c4e18c4f2,KXBTC15M-26JAN170900-00,KXBTC15M-26JAN170900-00,yes,buy,1,0.5,50,50,0.5000,0.5000,True,,2026-01-17T13:50:40.877901Z,1768657840
cdfb1c58-e559-7121-06d7-48dfb57fd61f,cdfb1c58-e559-7121-06d7-48dfb57fd61f,cd851496-a9f1-4f4f-ab7c-e7cf58592493,KXBTC15M-26JAN170845-45,KXBTC15M-26JAN170845-45,yes,sell,1,0.68,68,32,0.6800,0.3200,True,,2026-01-17T13:42:14.282503Z,1768657334
0efe53c4-94d8-6140-f40b-f36a40848ca2,0efe53c4-94d8-6140-f40b-f36a40848ca2,a9d7ab74-cb99-4b72-9eb2-cc24fc6c4f5a,KXBTC15M-26JAN170845-45,KXBTC15M-26JAN170845-45,no,buy,2,0.54,54,46,0.5400,0.4600,True,,2026-01-17T13:42:06.157015Z,1768657326
f1d81bf7-e248-4858-fcd5-8683d10babdf,f1d81bf7-e248-4858-fcd5-8683d10babdf,f0185fd1-d440-426b-9e3f-277d18e53ba3,KXBTC15M-26JAN170845-45,KXBTC15M-26JAN170845-45,no,buy,1,0.52,52,48,0.5200,0.4800,True,,2026-01-17T13:41:40.03714Z,1768657300
6ee393e0-4be5-4a33-a451-5403c85dd05d,6ee393e0-4be5-4a33-a451-5403c85dd05d,230bd29e-ddeb-4069-8e48-b535d75f9900,KXBTC15M-26JAN170845-45,KXBTC15M-26JAN170845-45,no,buy,1,0.56,56,44,0.5600,0.4400,True,,2026-01-17T13:41:17.500045Z,1768657277
d6a190c8-e910-6f0e-cc93-5c2eaf49ac92,d6a190c8-e910-6f0e-cc93-5c2eaf49ac92,7e4565fc-2720-4b5e-9d68-b78f77384aab,KXBTC15M-26JAN170845-45,KXBTC15M-26JAN170845-45,no,buy,1,0.66,66,34,0.6600,0.3400,True,,2026-01-17T13:40:49.15976Z,1768657249
eb2db632-3f25-5a66-60d5-1e9770d005f2,eb2db632-3f25-5a66-60d5-1e9770d005f2,903f210a-238c-46d9-b787-235708165ec9,KXBTC15M-26JAN170845-45,KXBTC15M-26JAN170845-45,no,buy,1,0.66,66,34,0.6600,0.3400,True,,2026-01-17T13:32:53.312548Z,1768656773
dc604b06-8769-76f1-ad81-4c7d27ebd73f,dc604b06-8769-76f1-ad81-4c7d27ebd73f,17bf4d58-710f-4d02-8ff9-8a5cd31b14e6,KXBTC15M-26JAN170830-30,KXBTC15M-26JAN170830-30,no,buy,1,0.87,87,13,0.8700,0.1300,True,,2026-01-17T13:18:40.776655Z,1768655920
5e40e5ba-c768-5dde-c212-44892dee0fd9,5e40e5ba-c768-5dde-c212-44892dee0fd9,58aa1b79-e580-4785-9eef-e35e325faa05,KXBTC15M-26JAN170830-30,KXBTC15M-26JAN170830-30,no,buy,1,0.86,86,14,0.8600,0.1400,True,,2026-01-17T13:18:33.669764Z,1768655913
09ca590f-4e9d-727b-15fe-b2f1c34302fb,09ca590f-4e9d-727b-15fe-b2f1c34302fb,0f83fb27-d5a0-4e22-a373-9f26d32b0d19,KXBTC15M-26JAN170830-30,KXBTC15M-26JAN170830-30,no,buy,1,0.84,84,16,0.8400,0.1600,True,,2026-01-17T13:17:49.682081Z,1768655869
0450168f-0dcc-636a-d39b-c7e9c5d14313,0450168f-0dcc-636a-d39b-c7e9c5d14313,21e6dd54-ddd4-4940-9f5e-eb6a41184de0,KXBTC15M-26JAN170830-30,KXBTC15M-26JAN170830-30,no,buy,1,0.82,82,18,0.8200,0.1800,True,,2026-01-17T13:17:39.045209Z,1768655859
f6f7b095-1090-745e-d183-eeaa473f5b77,f6f7b095-1090-745e-d183-eeaa473f5b77,dd4f34d2-5a83-4c8d-9fd8-e13aa1a3cbf9,KXBTC15M-26JAN170830-30,KXBTC15M-26JAN170830-30,no,buy,1,0.82,82,18,0.8200,0.1800,True,,2026-01-17T13:17:28.116237Z,1768655848
32524b06-d5fd-499f-e570-f33de52a892f,32524b06-d5fd-499f-e570-f33de52a892f,7a9559f8-f257-40d8-97e0-9d3fcb36887d,KXBTC15M-26JAN170830-30,KXBTC15M-26JAN170830-30,no,buy,2,0.81,81,19,0.8100,0.1900,True,,2026-01-17T13:17:20.583529Z,1768655840
a5c5d20c-9ded-487b-c597-08c84d1056b4,a5c5d20c-9ded-487b-c597-08c84d1056b4,940a6d1e-5fc9-4342-9daa-3f810569d30b,KXBTC15M-26JAN170815-15,KXBTC15M-26JAN170815-15,no,buy,2,0.44,44,56,0.4400,0.5600,True,,2026-01-17T13:12:53.922525Z,1768655573
bfbc350b-9588-51bf-56d0-cef5bcc6c754,bfbc350b-9588-51bf-56d0-cef5bcc6c754,d036e4c5-db3e-445d-b20a-937bd1bd2991,KXBTC15M-26JAN170815-15,KXBTC15M-26JAN170815-15,no,buy,1,0.4,40,60,0.4000,0.6000,True,,2026-01-17T13:12:41.640382Z,1768655561
b27b0abe-8762-5ccd-a82a-968b32ccc9ae,b27b0abe-8762-5ccd-a82a-968b32ccc9ae,fd77a0a3-4b3a-46a3-85de-618101e89208,KXBTC15M-26JAN170815-15,KXBTC15M-26JAN170815-15,no,buy,1,0.38,38,62,0.3800,0.6200,True,,2026-01-17T13:12:32.630933Z,1768655552
9f930f72-7e86-5c51-7d7b-16ac1d12d9c2,9f930f72-7e86-5c51-7d7b-16ac1d12d9c2,360da1d0-7543-4684-b08a-0188ca1f1613,KXBTC15M-26JAN170815-15,KXBTC15M-26JAN170815-15,no,sell,7,0.38,38,62,0.3800,0.6200,True,,2026-01-17T13:12:24.479686Z,1768655544
fe0c194d-bf31-4608-791d-fd3a9604c4c3,fe0c194d-bf31-4608-791d-fd3a9604c4c3,0b9c6bfe-2486-4395-b786-780970426a33,KXBTC15M-26JAN170815-15,KXBTC15M-26JAN170815-15,yes,buy,1,0.19,19,81,0.1900,0.8100,True,,2026-01-17T13:09:15.968346Z,1768655355
9251acfa-e6ed-43a0-780f-6bac0cf52a6b,9251acfa-e6ed-43a0-780f-6bac0cf52a6b,908b0693-f2f1-42ff-b7c2-ddacd6fe1199,KXBTC15M-26JAN170815-15,KXBTC15M-26JAN170815-15,yes,buy,2,0.19,19,81,0.1900,0.8100,True,,2026-01-17T13:09:00.575951Z,1768655340
409b8e9c-1478-7ce6-80dd-c59d0bb75e8e,409b8e9c-1478-7ce6-80dd-c59d0bb75e8e,07ad892b-fd9d-4c25-8934-666f849fef4d,KXBTC15M-26JAN170815-15,KXBTC15M-26JAN170815-15,yes,buy,1,0.22,22,78,0.2200,0.7800,True,,2026-01-17T13:06:50.276574Z,1768655210
c40c0f4e-ba4d-76fa-47ef-b3f5a2cbb934,c40c0f4e-ba4d-76fa-47ef-b3f5a2cbb934,6dc574e5-2ebc-4eed-bec7-c9176178db95,KXBTC15M-26JAN170815-15,KXBTC15M-26JAN170815-15,yes,buy,1,0.12,12,88,0.1200,0.8800,True,,2026-01-17T13:06:23.548773Z,1768655183
37d2f98b-8dd5-7b16-c5d4-195ba1f50648,37d2f98b-8dd5-7b16-c5d4-195ba1f50648,9132c954-635a-4d96-9e49-23bce1b7744a,KXBTC15M-26JAN170815-15,KXBTC15M-26JAN170815-15,yes,buy,1,0.12,12,88,0.1200,0.8800,True,,2026-01-17T13:06:15.476218Z,1768655175
49e246a4-b81b-747b-0bdd-a306ea09a12e,49e246a4-b81b-747b-0bdd-a306ea09a12e,e516b1ad-1b72-4ef9-a4d8-9da8547e4d0a,KXBTC15M-26JAN170815-15,KXBTC15M-26JAN170815-15,yes,buy,1,0.15,15,85,0.1500,0.8500,True,,2026-01-17T13:05:00.359417Z,1768655100
5ae5a17d-0767-4cd1-f385-71a1a3d4adda,5ae5a17d-0767-4cd1-f385-71a1a3d4adda,d87d91ac-6eca-40cc-997c-96aa19ade1de,KXBTC15M-26JAN170800-00,KXBTC15M-26JAN170800-00,no,buy,1,0.56,56,44,0.5600,0.4400,True,,2026-01-17T12:48:01.025309Z,1768654081
2322f50f-1f36-7859-2603-2448da748b70,2322f50f-1f36-7859-2603-2448da748b70,255ba45c-1bc3-4d23-a180-abb16ed9ed3c,KXBTC15M-26JAN170800-00,KXBTC15M-26JAN170800-00,no,buy,1,0.54,54,46,0.5400,0.4600,True,,2026-01-17T12:47:46.046283Z,1768654066
e3e44a02-944d-67f6-50ac-7c197b6999cd,e3e44a02-944d-67f6-50ac-7c197b6999cd,1aebbb48-7533-49c8-b0fd-4e722a965935,KXBTC15M-26JAN170800-00,KXBTC15M-26JAN170800-00,no,buy,1,0.58,58,42,0.5800,0.4200,True,,2026-01-17T12:47:36.775085Z,1768654056
9d32d245-359c-5856-88d4-4e650b491a14,9d32d245-359c-5856-88d4-4e650b491a14,2ac7ac49-6bff-464b-866f-7d30e907baa1,KXBTC15M-26JAN170800-00,KXBTC15M-26JAN170800-00,no,buy,1,0.54,54,46,0.5400,0.4600,True,,2026-01-17T12:47:29.749758Z,1768654049
be7e78dc-1fed-6ba8-3794-2e1278988ca7,be7e78dc-1fed-6ba8-3794-2e1278988ca7,fb52eb00-fa24-48ca-a4f5-5a37272188a5,KXBTC15M-26JAN170800-00,KXBTC15M-26JAN170800-00,no,buy,1,0.55,55,45,0.5500,0.4500,True,,2026-01-17T12:46:31.669216Z,1768653991
172c166e-47f0-52ce-3d3d-8b510b2711db,172c166e-47f0-52ce-3d3d-8b510b2711db,ecc0e95c-86ea-4412-a780-06410acfc93b,KXBTC15M-26JAN170800-00,KXBTC15M-26JAN170800-00,no,buy,1,0.52,52,48,0.5200,0.4800,True,,2026-01-17T12:46:19.741716Z,1768653979
21819088-ba3f-40e7-b91b-349c0b14edd2,21819088-ba3f-40e7-b91b-349c0b14edd2,dfc3b8f8-ecbf-419d-8034-494a61c81671,KXBTC15M-26JAN170800-00,KXBTC15M-26JAN170800-00,no,buy,1,0.52,52,48,0.5200,0.4800,True,,2026-01-17T12:46:07.5239Z,1768653967
0e6748f7-ef84-44e9-b48e-e1854623c751,0e6748f7-ef84-44e9-b48e-e1854623c751,a07e052e-e18e-4197-80fa-29f732b92b35,KXBTC15M-26JAN170745-45,KXBTC15M-26JAN170745-45,no,buy,1,0.65,65,35,0.6500,0.3500,True,,2026-01-17T12:39:20.661134Z,1768653560
1cc3dd4d-03e2-779f-cc36-b13f7608ecdd,1cc3dd4d-03e2-779f-cc36-b13f7608ecdd,c3b447c2-7d33-4c65-9c6f-2b9f4afb150c,KXBTC15M-26JAN170745-45,KXBTC15M-26JAN170745-45,no,buy,1,0.64,64,36,0.6400,0.3600,True,,2026-01-17T12:39:10.134663Z,1768653550
b11b370f-c40d-5c11-7f92-0db515ae4d5d,b11b370f-c40d-5c11-7f92-0db515ae4d5d,fd852a35-5ba5-46a2-b64e-d5de8ee1a304,KXBTC15M-26JAN170745-45,KXBTC15M-26JAN170745-45,no,buy,1,0.66,66,34,0.6600,0.3400,True,,2026-01-17T12:38:23.470244Z,1768653503
5761ee67-0db7-4aff-da08-64432383332b,5761ee67-0db7-4aff-da08-64432383332b,763a9df1-9f0e-4344-9141-06b1dbb49907,KXBTC15M-26JAN170745-45,KXBTC15M-26JAN170745-45,no,buy,1,0.62,62,38,0.6200,0.3800,True,,2026-01-17T12:38:11.282848Z,1768653491
81e63118-eae3-6e19-66c6-d9ca1afbc720,81e63118-eae3-6e19-66c6-d9ca1afbc720,55056c45-2bb8-48bc-b186-f759c0be31e5,KXBTC15M-26JAN170745-45,KXBTC15M-26JAN170745-45,no,buy,1,0.68,68,32,0.6800,0.3200,True,,2026-01-17T12:37:29.300038Z,1768653449
3b782b4c-a1ce-5277-9ed3-cd21b7855772,3b782b4c-a1ce-5277-9ed3-cd21b7855772,d9c3045e-89e8-4779-8276-3490d403fa00,KXBTC15M-26JAN170745-45,KXBTC15M-26JAN170745-45,no,buy,1,0.45,45,55,0.4500,0.5500,True,,2026-01-17T12:33:56.830042Z,1768653236
a01b00af-7641-6312-0107-06a0b60dccb4,a01b00af-7641-6312-0107-06a0b60dccb4,a6783486-60ae-4bcf-a73c-f6cf3adae9d9,KXBTC15M-26JAN170745-45,KXBTC15M-26JAN170745-45,no,buy,1,0.41,41,59,0.4100,0.5900,True,,2026-01-17T12:33:32.510315Z,1768653212
8ba27a7f-1053-6075-093d-9def24a98dd3,8ba27a7f-1053-6075-093d-9def24a98dd3,ca92ea73-cb21-4bbc-a3d4-beb6dbdcb665,KXBTC15M-26JAN170730-30,KXBTC15M-26JAN170730-30,yes,buy,1,0.19,19,81,0.1900,0.8100,True,,2026-01-17T12:20:48.446292Z,1768652448
ce1160c0-d618-6153-8646-c6e812098b47,ce1160c0-d618-6153-8646-c6e812098b47,22fc1470-76a1-49d0-8cc3-457deade53c0,KXBTC15M-26JAN170730-30,KXBTC15M-26JAN170730-30,yes,buy,1,0.24,24,76,0.2400,0.7600,True,,2026-01-17T12:20:10.321358Z,1768652410
44bacbea-c040-63b6-97e5-55c8d3cadea0,44bacbea-c040-63b6-97e5-55c8d3cadea0,3429d64c-20bf-49a7-8400-9d29ca6768e9,KXBTC15M-26JAN170730-30,KXBTC15M-26JAN170730-30,yes,buy,1,0.24,24,76,0.2400,0.7600,True,,2026-01-17T12:20:02.53566Z,1768652402
c2e511ec-c331-5a5b-7d4b-6ffeb41c1f89,c2e511ec-c331-5a5b-7d4b-6ffeb41c1f89,328cb4f8-3e48-456c-bd53-a599de037fb9,KXBTC15M-26JAN170730-30,KXBTC15M-26JAN170730-30,yes,buy,1,0.25,25,75,0.2500,0.7500,True,,2026-01-17T12:19:51.774267Z,1768652391
82e32c3b-7282-4b29-61e4-f88f9b48504f,82e32c3b-7282-4b29-61e4-f88f9b48504f,f6099670-5eb0-40c8-bf25-8ae7abaf41fa,KXBTC15M-26JAN170730-30,KXBTC15M-26JAN170730-30,yes,buy,1,0.24,24,76,0.2400,0.7600,True,,2026-01-17T12:19:42.076749Z,1768652382
d2456ab1-838f-7f64-0180-e2600ec463a4,d2456ab1-838f-7f64-0180-e2600ec463a4,74fa98bc-5c3e-4e8a-a3ee-cd9d20a3e845,KXBTC15M-26JAN170730-30,KXBTC15M-26JAN170730-30,yes,buy,2,0.23,23,77,0.2300,0.7700,True,,2026-01-17T12:19:20.1511Z,1768652360
fecade4f-0a5a-493e-2d80-412aa4e0d5cd,fecade4f-0a5a-493e-2d80-412aa4e0d5cd,f2eb9a48-bdec-40be-a3f3-e463f9587f12,KXBTC15M-26JAN170715-15,KXBTC15M-26JAN170715-15,yes,buy,1,0.25,25,75,0.2500,0.7500,True,,2026-01-17T12:03:26.136409Z,1768651406
ef032883-9616-6f7b-d568-281bbc92e07d,ef032883-9616-6f7b-d568-281bbc92e07d,0d13dfbc-8fd0-488b-9f36-9fa2f74d3318,KXBTC15M-26JAN170715-15,KXBTC15M-26JAN170715-15,yes,buy,1,0.26,26,74,0.2600,0.7400,True,,2026-01-17T12:03:14.041444Z,1768651394
7de99fee-e94f-5dfa-e313-cd17912f3d46,7de99fee-e94f-5dfa-e313-cd17912f3d46,772a18b7-f065-466a-96cd-5181efaf7d8e,KXBTC15M-26JAN170715-15,KXBTC15M-26JAN170715-15,yes,buy,1,0.32,32,68,0.3200,0.6800,True,,2026-01-17T12:03:02.466083Z,1768651382
537905e8-a756-6993-f9fa-314132ca8028,537905e8-a756-6993-f9fa-314132ca8028,c29ce360-357d-4a44-9865-c997a87179d6,KXBTC15M-26JAN170715-15,KXBTC15M-26JAN170715-15,yes,buy,1,0.32,32,68,0.3200,0.6800,True,,2026-01-17T12:02:54.53591Z,1768651374
5ad88b7c-cd02-6223-e283-562567603eb0,5ad88b7c-cd02-6223-e283-562567603eb0,80f480c5-2fe8-48a8-9ebb-904ebd1bd670,KXBTC15M-26JAN170715-15,KXBTC15M-26JAN170715-15,yes,buy,1,0.32,32,68,0.3200,0.6800,True,,2026-01-17T12:02:47.029432Z,1768651367
56452573-9f66-6717-f1e5-d46d49ca6820,56452573-9f66-6717-f1e5-d46d49ca6820,c3d3eb46-fb71-49e5-9a62-30dcb6b143d4,KXBTC15M-26JAN170715-15,KXBTC15M-26JAN170715-15,yes,buy,1,0.32,32,68,0.3200,0.6800,True,,2026-01-17T12:02:38.617389Z,1768651358
2f65720e-9bd6-71cb-e4a2-657f4609abe8,2f65720e-9bd6-71cb-e4a2-657f4609abe8,1d9bfe99-ba5d-4c52-9f33-dc983541b326,KXBTC15M-26JAN170715-15,KXBTC15M-26JAN170715-15,yes,buy,1,0.32,32,68,0.3200,0.6800,True,,2026-01-17T12:02:28.555254Z,1768651348
d0b48e3b-9b4c-74de-0804-06df6eee18f4,d0b48e3b-9b4c-74de-0804-06df6eee18f4,683114fe-7128-4c87-a347-cc57b8626a80,KXBTC15M-26JAN170700-00,KXBTC15M-26JAN170700-00,yes,buy,1,0.35,35,65,0.3500,0.6500,True,,2026-01-17T11:47:22.851548Z,1768650442
e23f3f25-2e41-6083-535f-49a6ccf5839f,e23f3f25-2e41-6083-535f-49a6ccf5839f,f203e30f-b4b2-49fd-bd4f-c52c0ed4a78b,KXBTC15M-26JAN170700-00,KXBTC15M-26JAN170700-00,yes,buy,1,0.35,35,65,0.3500,0.6500,True,,2026-01-17T11:47:15.17988Z,1768650435
ae25e83e-06af-53d4-63ad-30f71805368a,ae25e83e-06af-53d4-63ad-30f71805368a,54e21769-613f-44f0-bc90-2b08fef93e8e,KXBTC15M-26JAN170700-00,KXBTC15M-26JAN170700-00,yes,buy,1,0.48,48,52,0.4800,0.5200,True,,2026-01-17T11:46:55.634841Z,1768650415
23ebddd6-0127-4d26-67a3-31bf064ee476,23ebddd6-0127-4d26-67a3-31bf064ee476,a439bb98-325b-4004-bc7a-1a97c6bb39b3,KXBTC15M-26JAN170700-00,KXBTC15M-26JAN170700-00,yes,buy,1,0.46,46,54,0.4600,0.5400,True,,2026-01-17T11:46:37.628508Z,1768650397
7328d455-86bf-6960-5511-e135ff9b995e,7328d455-86bf-6960-5511-e135ff9b995e,23a15873-813b-4a5d-b13f-1f78471e957b,KXBTC15M-26JAN170700-00,KXBTC15M-26JAN170700-00,yes,buy,1,0.48,48,52,0.4800,0.5200,True,,2026-01-17T11:46:30.502866Z,1768650390
63971f13-b8eb-6aa0-5c7f-58de5e7c990a,63971f13-b8eb-6aa0-5c7f-58de5e7c990a,a78eaaa2-0eae-4aad-b364-b102af67556e,KXBTC15M-26JAN170700-00,KXBTC15M-26JAN170700-00,yes,buy,1,0.48,48,52,0.4800,0.5200,True,,2026-01-17T11:46:18.628512Z,1768650378
a0d0f0e9-a5cb-4898-b548-afbf199eca46,a0d0f0e9-a5cb-4898-b548-afbf199eca46,175f515c-89e6-4223-8929-4cdafe9fc1bd,KXBTC15M-26JAN170700-00,KXBTC15M-26JAN170700-00,yes,buy,1,0.48,48,52,0.4800,0.5200,True,,2026-01-17T11:46:11.096296Z,1768650371
f9470f5a-b5dc-48a5-65e7-7b726fa6e557,f9470f5a-b5dc-48a5-65e7-7b726fa6e557,f49f34b2-270d-40db-bdcc-a4b1b875ed2e,KXBTC15M-26JAN170645-45,KXBTC15M-26JAN170645-45,yes,buy,2,0.92,92,8,0.9200,0.0800,True,,2026-01-17T11:43:22.079491Z,1768650202
4fb6c444-5e85-730c-412c-18c35f2a7221,4fb6c444-5e85-730c-412c-18c35f2a7221,24e5cf1f-ae1c-4e68-b763-6059d7ad46fa,KXBTC15M-26JAN170645-45,KXBTC15M-26JAN170645-45,yes,buy,2,0.91,91,9,0.9100,0.0900,True,,2026-01-17T11:43:11.333813Z,1768650191
007d84af-5cb3-7c89-16d3-e4d3db77f818,007d84af-5cb3-7c89-16d3-e4d3db77f818,29bce819-4d16-4c62-a1e0-103f35bffe67,KXBTC15M-26JAN170645-45,KXBTC15M-26JAN170645-45,yes,buy,1,0.4,40,60,0.4000,0.6000,True,,2026-01-17T11:33:19.848917Z,1768649599
66056508-d1d9-5597-0c94-3ac643e84d2c,66056508-d1d9-5597-0c94-3ac643e84d2c,1ef4efa0-4dca-4419-a315-411d2ebb08de,KXBTC15M-26JAN170645-45,KXBTC15M-26JAN170645-45,yes,buy,1,0.35,35,65,0.3500,0.6500,True,,2026-01-17T11:33:09.127048Z,1768649589
89f50c8b-7588-509f-44c7-3f14facdc044,89f50c8b-7588-509f-44c7-3f14facdc044,8bc15886-1cd0-4622-b675-178caf08f951,KXBTC15M-26JAN170645-45,KXBTC15M-26JAN170645-45,yes,buy,1,0.29,29,71,0.2900,0.7100,True,,2026-01-17T11:32:34.105241Z,1768649554
dee22408-f0f8-6b71-9679-f45cdbc530d1,dee22408-f0f8-6b71-9679-f45cdbc530d1,dbed1046-f46b-4a34-80a7-f48a8ac4c593,KXBTC15M-26JAN170630-30,KXBTC15M-26JAN170630-30,yes,sell,5,0.69,69,31,0.6900,0.3100,True,,2026-01-17T11:18:27.34986Z,1768648707
04be22d3-1bcc-50f9-e92b-b282e2c827c3,04be22d3-1bcc-50f9-e92b-b282e2c827c3,8bb4a2cb-dcc7-4740-9675-737d97a050fd,KXBTC15M-26JAN170630-30,KXBTC15M-26JAN170630-30,no,buy,1,0.68,68,32,0.6800,0.3200,True,,2026-01-17T11:16:45.902579Z,1768648605
91eb4ff3-fbc0-7dc1-8585-01e3eb469a17,91eb4ff3-fbc0-7dc1-8585-01e3eb469a17,6ee1f983-e4c4-4c0e-8d5e-dfa5d5c3ff88,KXBTC15M-26JAN170630-30,KXBTC15M-26JAN170630-30,no,buy,1,0.68,68,32,0.6800,0.3200,True,,2026-01-17T11:16:31.652733Z,1768648591
ce9f779d-9e64-4241-2333-b0e535244e9f,ce9f779d-9e64-4241-2333-b0e535244e9f,b93cf798-7dad-43ee-a4f3-73e4625b4aaa,KXBTC15M-26JAN170630-30,KXBTC15M-26JAN170630-30,no,buy,1,0.68,68,32,0.6800,0.3200,True,,2026-01-17T11:16:19.552868Z,1768648579
c7ed94ca-eaa8-7f67-58a1-147640c2baa0,c7ed94ca-eaa8-7f67-58a1-147640c2baa0,d90c8e19-30d7-4c33-be33-12220ee414f6,KXBTC15M-26JAN170630-30,KXBTC15M-26JAN170630-30,no,buy,1,0.67,67,33,0.6700,0.3300,True,,2026-01-17T11:16:12.024731Z,1768648572
7f1469db-cbfa-4d3f-c632-fce370af468e,7f1469db-cbfa-4d3f-c632-fce370af468e,b2a32359-f546-42bb-9903-17c52ca560ce,KXBTC15M-26JAN170630-30,KXBTC15M-26JAN170630-30,no,buy,1,0.67,67,33,0.6700,0.3300,True,,2026-01-17T11:16:03.855368Z,1768648563
4d834eda-94ed-6e1e-cd76-2701c22f6f94,4d834eda-94ed-6e1e-cd76-2701c22f6f94,af4a3291-4676-496e-993b-5c7733a8adee,KXBTC15M-26JAN170615-15,KXBTC15M-26JAN170615-15,yes,buy,1,0.71,71,29,0.7100,0.2900,True,,2026-01-17T11:13:31.04877Z,1768648411
250b079b-de51-7e1e-bf25-b0eed2efc920,250b079b-de51-7e1e-bf25-b0eed2efc920,756820c1-14d9-4d6e-85af-b98cf7988443,KXBTC15M-26JAN170615-15,KXBTC15M-26JAN170615-15,yes,buy,1,0.71,71,29,0.7100,0.2900,True,,2026-01-17T11:13:21.888315Z,1768648401
3a47dbf5-0ddc-7a14-925a-5bde641eb5a3,3a47dbf5-0ddc-7a14-925a-5bde641eb5a3,9b825c96-781e-4d29-891a-bcab20f2c97f,KXBTC15M-26JAN170615-15,KXBTC15M-26JAN170615-15,yes,buy,1,0.54,54,46,0.5400,0.4600,True,,2026-01-17T11:13:14.386041Z,1768648394
b55ffb2c-13e0-5bb1-107d-9f2ff6dc5a43,b55ffb2c-13e0-5bb1-107d-9f2ff6dc5a43,d9a3d00f-5779-448e-a63e-11bee10bb40f,KXBTC15M-26JAN170615-15,KXBTC15M-26JAN170615-15,yes,sell,7,0.55,55,45,0.5500,0.4500,True,,2026-01-17T11:13:06.898083Z,1768648386
f664744f-d36d-52d2-57a3-c6451e73b557,f664744f-d36d-52d2-57a3-c6451e73b557,3ad58a44-690a-4535-ba24-7c1d8eb1ab29,KXBTC15M-26JAN170615-15,KXBTC15M-26JAN170615-15,no,buy,1,0.56,56,44,0.5600,0.4400,True,,2026-01-17T11:05:24.899048Z,1768647924
d1823d37-4f45-6c3a-1e79-b3db3c8025c1,d1823d37-4f45-6c3a-1e79-b3db3c8025c1,3ab46c38-9b82-4a72-aaa7-81ec1070659d,KXBTC15M-26JAN170615-15,KXBTC15M-26JAN170615-15,no,buy,1,0.56,56,44,0.5600,0.4400,True,,2026-01-17T11:05:15.331705Z,1768647915
0ef94eab-30a5-4aa7-f435-c9d6fb025713,0ef94eab-30a5-4aa7-f435-c9d6fb025713,4598a85c-e0b7-40e2-99ef-7674ace43851,KXBTC15M-26JAN170615-15,KXBTC15M-26JAN170615-15,no,buy,1,0.6,60,40,0.6000,0.4000,True,,2026-01-17T11:04:59.168246Z,1768647899
946d7521-e417-42d8-8481-885df6a1ac97,946d7521-e417-42d8-8481-885df6a1ac97,87935847-3d95-4160-8d21-460e38f6ff2a,KXBTC15M-26JAN170615-15,KXBTC15M-26JAN170615-15,no,buy,1,0.59,59,41,0.5900,0.4100,True,,2026-01-17T11:04:50.297723Z,1768647890
759e59e1-e84a-6219-dcaf-59ba6be437bf,759e59e1-e84a-6219-dcaf-59ba6be437bf,fe3cb3e5-454c-4815-953c-3768122b0844,KXBTC15M-26JAN170615-15,KXBTC15M-26JAN170615-15,no,buy,1,0.59,59,41,0.5900,0.4100,True,,2026-01-17T11:04:41.720921Z,1768647881
b3b17f39-e182-7ddd-c79a-28f9daf4756b,b3b17f39-e182-7ddd-c79a-28f9daf4756b,cce8c964-e82e-4d31-9120-20357a494c37,KXBTC15M-26JAN170615-15,KXBTC15M-26JAN170615-15,no,buy,1,0.63,63,37,0.6300,0.3700,True,,2026-01-17T11:04:34.607792Z,1768647874
6b106b12-7c84-4b83-0bb6-7ab82487f8ed,6b106b12-7c84-4b83-0bb6-7ab82487f8ed,a020baf4-f6a6-4028-ae9b-42992d98225b,KXBTC15M-26JAN170615-15,KXBTC15M-26JAN170615-15,no,buy,1,0.61,61,39,0.6100,0.3900,True,,2026-01-17T11:03:28.431188Z,1768647808
df642a40-cb43-5907-992e-1e2b1e969820,df642a40-cb43-5907-992e-1e2b1e969820,515a5809-4956-472c-8c79-244df2612995,KXBTC15M-26JAN170600-00,KXBTC15M-26JAN170600-00,yes,buy,2,0.15,15,85,0.1500,0.8500,True,,2026-01-17T10:50:34.560129Z,1768647034
32bec6f7-7033-4643-b265-ad04a6936e14,32bec6f7-7033-4643-b265-ad04a6936e14,2a2ce324-a78a-40fd-86ab-c8861c605418,KXBTC15M-26JAN170600-00,KXBTC15M-26JAN170600-00,yes,buy,1,0.15,15,85,0.1500,0.8500,True,,2026-01-17T10:50:25.714776Z,1768647025
102cc81e-41a7-4e51-df8b-cc37751d0cdf,102cc81e-41a7-4e51-df8b-cc37751d0cdf,6782c031-326b-4396-9663-71fa36bc894e,KXBTC15M-26JAN170600-00,KXBTC15M-26JAN170600-00,yes,buy,1,0.17,17,83,0.1700,0.8300,True,,2026-01-17T10:50:17.024467Z,1768647017
f9637c38-90df-43f5-ab66-9a6f670a85db,f9637c38-90df-43f5-ab66-9a6f670a85db,5dd12d38-8635-40ff-8b58-246c32396b0f,KXBTC15M-26JAN170600-00,KXBTC15M-26JAN170600-00,yes,buy,1,0.17,17,83,0.1700,0.8300,True,,2026-01-17T10:50:09.427689Z,1768647009
111763ec-dd3b-6af3-4198-654de8976758,111763ec-dd3b-6af3-4198-654de8976758,62c68a62-4cc8-4bd1-ba54-ba944fe1564b,KXBTC15M-26JAN170600-00,KXBTC15M-26JAN170600-00,yes,buy,1,0.19,19,81,0.1900,0.8100,True,,2026-01-17T10:49:58.945117Z,1768646998
af945744-8e26-5eb0-bbcf-70bdfd3ba896,af945744-8e26-5eb0-bbcf-70bdfd3ba896,e512e0b2-fd55-440f-827a-ac4638e89af2,KXBTC15M-26JAN170600-00,KXBTC15M-26JAN170600-00,yes,buy,1,0.2,20,80,0.2000,0.8000,True,,2026-01-17T10:49:47.432842Z,1768646987
0d7ad513-1ed5-44e5-12ff-8710b528301b,0d7ad513-1ed5-44e5-12ff-8710b528301b,c05c66f1-1fbb-42fe-a44d-4ad6152eae43,KXBTC15M-26JAN170545-45,KXBTC15M-26JAN170545-45,yes,buy,1,0.17,17,83,0.1700,0.8300,True,,2026-01-17T10:36:06.446923Z,1768646166
babbc7cd-6f9c-6e55-b6c7-f35922bc5e56,babbc7cd-6f9c-6e55-b6c7-f35922bc5e56,53d42c2e-d0cc-4aad-8a6d-bd84edf297f7,KXBTC15M-26JAN170545-45,KXBTC15M-26JAN170545-45,yes,buy,2,0.22,22,78,0.2200,0.7800,True,,2026-01-17T10:33:36.440124Z,1768646016
41d63834-c9e6-7000-8461-cffb2728b182,41d63834-c9e6-7000-8461-cffb2728b182,735fb97a-fff2-4c9b-8c1e-2e68f28bc322,KXBTC15M-26JAN170545-45,KXBTC15M-26JAN170545-45,yes,buy,2,0.23,23,77,0.2300,0.7700,True,,2026-01-17T10:33:25.053148Z,1768646005
20a98956-335a-5055-00c5-d678f0907b01,20a98956-335a-5055-00c5-d678f0907b01,272b48eb-a558-45b0-a004-40ac650074e1,KXBTC15M-26JAN170545-45,KXBTC15M-26JAN170545-45,yes,buy,1,0.29,29,71,0.2900,0.7100,True,,2026-01-17T10:33:17.466441Z,1768645997
8ac42db6-b5c0-721a-dea3-a198004b5085,8ac42db6-b5c0-721a-dea3-a198004b5085,af78dd49-5ec8-4e53-98d9-8df9f78e6bce,KXBTC15M-26JAN170545-45,KXBTC15M-26JAN170545-45,yes,buy,1,0.33,33,67,0.3300,0.6700,True,,2026-01-17T10:33:05.419839Z,1768645985
2e6d5849-6620-6232-a850-6b826cf1b470,2e6d5849-6620-6232-a850-6b826cf1b470,40e6e571-24cd-4a0f-82fd-71c2b31664b7,KXBTC15M-26JAN170530-30,KXBTC15M-26JAN170530-30,no,sell,7,0.04,4,96,0.0400,0.9600,True,,2026-01-17T10:28:11.296358Z,1768645691
00de28e5-7226-5d9d-be55-85b61125806d,00de28e5-7226-5d9d-be55-85b61125806d,b054a6be-17c2-4670-816d-066ff90f721a,KXBTC15M-26JAN170530-30,KXBTC15M-26JAN170530-30,yes,buy,1,0.15,15,85,0.1500,0.8500,True,,2026-01-17T10:24:01.749687Z,1768645441
03d3cbd6-7e34-51f4-4e2d-c80f4f1f4de7,03d3cbd6-7e34-51f4-4e2d-c80f4f1f4de7,66b5cb23-5df9-44b5-b017-496426a1b3d6,KXBTC15M-26JAN170530-30,KXBTC15M-26JAN170530-30,yes,buy,1,0.16,16,84,0.1600,0.8400,True,,2026-01-17T10:23:52.380543Z,1768645432
d31a640d-bdb3-7268-30e2-7680409b31c8,d31a640d-bdb3-7268-30e2-7680409b31c8,50f076a7-3c7c-4fdd-a433-c03429f16392,KXBTC15M-26JAN170530-30,KXBTC15M-26JAN170530-30,yes,buy,2,0.15,15,85,0.1500,0.8500,True,,2026-01-17T10:23:40.130841Z,1768645420
75371141-f2cd-5fdb-ec44-7b85ba54ba01,75371141-f2cd-5fdb-ec44-7b85ba54ba01,7d0a0e09-223c-4609-9775-7cae8adc0838,KXBTC15M-26JAN170530-30,KXBTC15M-26JAN170530-30,yes,buy,1,0.19,19,81,0.1900,0.8100,True,,2026-01-17T10:23:31.840438Z,1768645411
819254f0-ec74-46f7-8aea-59d3fcdd7c3c,819254f0-ec74-46f7-8aea-59d3fcdd7c3c,35565775-4c2c-427e-8f3b-d0984d51ad46,KXBTC15M-26JAN170530-30,KXBTC15M-26JAN170530-30,yes,buy,1,0.21,21,79,0.2100,0.7900,True,,2026-01-17T10:23:23.472035Z,1768645403
97d448ba-c79d-6274-00eb-da0f21a79cec,97d448ba-c79d-6274-00eb-da0f21a79cec,8c2f764f-8062-4b3d-ac9f-a349278fd1e8,KXBTC15M-26JAN170530-30,KXBTC15M-26JAN170530-30,yes,buy,1,0.44,44,56,0.4400,0.5600,True,,2026-01-17T10:20:36.326752Z,1768645236
193e97c1-63e4-7b6f-6ed9-680c507be800,193e97c1-63e4-7b6f-6ed9-680c507be800,2460bc18-101a-4ebb-b6b1-a3c3c7721edd,KXBTC15M-26JAN170515-15,KXBTC15M-26JAN170515-15,no,buy,2,0.09,9,91,0.0900,0.9100,True,,2026-01-17T10:13:39.857072Z,1768644819
b7c37136-00ef-4e7d-eb07-6fc097f40368,b7c37136-00ef-4e7d-eb07-6fc097f40368,14f56c82-1ea6-4128-9608-9619c99816b5,KXBTC15M-26JAN170515-15,KXBTC15M-26JAN170515-15,no,sell,7,0.04,4,96,0.0400,0.9600,True,,2026-01-17T10:13:04.421268Z,1768644784
9a6c062f-d6e8-78d4-4cfb-6b8ef90906e8,9a6c062f-d6e8-78d4-4cfb-6b8ef90906e8,a34bc971-88a0-4d0f-b0f9-564fd7fc3560,KXBTC15M-26JAN170515-15,KXBTC15M-26JAN170515-15,yes,buy,1,0.31,31,69,0.3100,0.6900,True,,2026-01-17T10:06:19.381664Z,1768644379
051cf896-6086-5193-2066-3afaa2b371d6,051cf896-6086-5193-2066-3afaa2b371d6,c0fdba68-f415-44da-ad36-3a58bd5ee7d3,KXBTC15M-26JAN170515-15,KXBTC15M-26JAN170515-15,yes,buy,1,0.31,31,69,0.3100,0.6900,True,,2026-01-17T10:06:11.387243Z,1768644371
ad34949d-16ec-71b1-380d-b31467df2be4,ad34949d-16ec-71b1-380d-b31467df2be4,246543ef-b7a8-4f11-ab40-72638df67d11,KXBTC15M-26JAN170515-15,KXBTC15M-26JAN170515-15,yes,buy,1,0.32,32,68,0.3200,0.6800,True,,2026-01-17T10:06:04.343107Z,1768644364
53907c60-bb7a-456f-7076-0138e3847688,53907c60-bb7a-456f-7076-0138e3847688,02eca8a5-4226-4024-b1ed-0363ee374d6e,KXBTC15M-26JAN170515-15,KXBTC15M-26JAN170515-15,yes,buy,1,0.34,34,66,0.3400,0.6600,True,,2026-01-17T10:05:55.366659Z,1768644355
9df66574-ef42-73e7-13b6-003e60ac2748,9df66574-ef42-73e7-13b6-003e60ac2748,f1752ee0-5728-4d86-a91d-03224efd591e,KXBTC15M-26JAN170515-15,KXBTC15M-26JAN170515-15,yes,buy,1,0.34,34,66,0.3400,0.6600,True,,2026-01-17T10:05:46.31385Z,1768644346
6534572f-c46c-6e41-3b5e-d5fe5dc2ae2d,6534572f-c46c-6e41-3b5e-d5fe5dc2ae2d,7a179fc6-300d-4b24-a7ac-3b4390df28a6,KXBTC15M-26JAN170515-15,KXBTC15M-26JAN170515-15,yes,buy,1,0.3,30,70,0.3000,0.7000,True,,2026-01-17T10:05:26.914014Z,1768644326
2b714ee5-0516-41d5-7b74-60f20f63d8cf,2b714ee5-0516-41d5-7b74-60f20f63d8cf,a4e11da4-71f7-4073-bfd5-f6bfd1f4f8a8,KXBTC15M-26JAN170515-15,KXBTC15M-26JAN170515-15,yes,buy,1,0.27,27,73,0.2700,0.7300,True,,2026-01-17T10:01:14.248365Z,1768644074
adc0000c-a379-6756-cc4a-55b7566ba0c3,adc0000c-a379-6756-cc4a-55b7566ba0c3,6891913f-e5ae-4843-9d31-d2116d9374b1,KXBTC15M-26JAN170500-00,KXBTC15M-26JAN170500-00,no,buy,1,0.21,21,79,0.2100,0.7900,True,,2026-01-17T09:58:22.604825Z,1768643902
bfe71faf-346e-5ff2-75af-1700a451f4cb,bfe71faf-346e-5ff2-75af-1700a451f4cb,736bd051-cbd1-46de-bfcc-8f4068010ed7,KXBTC15M-26JAN170500-00,KXBTC15M-26JAN170500-00,yes,sell,1,0.7,70,30,0.7000,0.3000,True,,2026-01-17T09:57:03.710551Z,1768643823
1ae22809-83d9-6ff4-6810-99664b5095f2,1ae22809-83d9-6ff4-6810-99664b5095f2,038bc2e0-1783-4995-b47d-73c37c980b30,KXBTC15M-26JAN170500-00,KXBTC15M-26JAN170500-00,no,buy,1,0.64,64,36,0.6400,0.3600,True,,2026-01-17T09:49:33.014907Z,1768643373
cac032cb-de7d-53ec-c770-5450cf0d1642,cac032cb-de7d-53ec-c770-5450cf0d1642,7f211495-f503-45d9-9fb7-a4e33b27fe39,KXBTC15M-26JAN170500-00,KXBTC15M-26JAN170500-00,no,buy,1,0.62,62,38,0.6200,0.3800,True,,2026-01-17T09:49:25.6406Z,1768643365
22591cde-ada4-7882-b42c-c6d02bbfb912,22591cde-ada4-7882-b42c-c6d02bbfb912,61af40cf-3e55-4d85-8f45-116f2f116cfb,KXBTC15M-26JAN170500-00,KXBTC15M-26JAN170500-00,no,buy,1,0.63,63,37,0.6300,0.3700,True,,2026-01-17T09:49:13.427203Z,1768643353
c9d57684-781a-50f1-3b40-96e7d1ed285d,c9d57684-781a-50f1-3b40-96e7d1ed285d,8a685f3e-148a-4477-a2bc-b11784cbc9ae,KXBTC15M-26JAN170500-00,KXBTC15M-26JAN170500-00,no,buy,1,0.62,62,38,0.6200,0.3800,True,,2026-01-17T09:49:05.67842Z,1768643345
5cd63122-696e-6560-b0b9-f51140df6b4a,5cd63122-696e-6560-b0b9-f51140df6b4a,ca1b712c-5768-4a26-8c98-007f69d00f34,KXBTC15M-26JAN170500-00,KXBTC15M-26JAN170500-00,no,buy,1,0.57,57,43,0.5700,0.4300,True,,2026-01-17T09:48:48.556578Z,1768643328
d21b29f4-0fdd-5b4d-a78d-d8ad3149366c,d21b29f4-0fdd-5b4d-a78d-d8ad3149366c,55fa376a-3d5e-475d-8390-5da1b07284b5,KXBTC15M-26JAN170500-00,KXBTC15M-26JAN170500-00,no,buy,1,0.64,64,36,0.6400,0.3600,True,,2026-01-17T09:48:27.34874Z,1768643307
59420293-be65-4efa-70a1-7567f4839784,59420293-be65-4efa-70a1-7567f4839784,acb6231a-4109-40d3-be4e-b452cdb6e6dc,KXBTC15M-26JAN170500-00,KXBTC15M-26JAN170500-00,no,buy,1,0.63,63,37,0.6300,0.3700,True,,2026-01-17T09:48:18.208168Z,1768643298
897ed0ea-95cf-6b4d-c05d-a2bf58da8403,897ed0ea-95cf-6b4d-c05d-a2bf58da8403,0af962fb-7de1-4ad1-9aff-df50f757c8c0,KXBTC15M-26JAN170445-45,KXBTC15M-26JAN170445-45,no,buy,3,0.93,93,7,0.9300,0.0700,True,,2026-01-17T09:42:56.367089Z,1768642976
f3c72bea-a7d3-69f4-b4db-4602763b2e31,f3c72bea-a7d3-69f4-b4db-4602763b2e31,02dd2a60-a6ba-4a73-8d84-f1fed170e27b,KXBTC15M-26JAN170445-45,KXBTC15M-26JAN170445-45,no,buy,1,0.49,49,51,0.4900,0.5100,True,,2026-01-17T09:42:45.65476Z,1768642965
592c409d-e019-5603-9407-9243ab8f2557,592c409d-e019-5603-9407-9243ab8f2557,dcf2645a-a137-4626-8297-cee4d61e32b5,KXBTC15M-26JAN170445-45,KXBTC15M-26JAN170445-45,no,sell,2,0.4,40,60,0.4000,0.6000,True,,2026-01-17T09:42:20.319105Z,1768642940
2eb57137-ce37-5047-ab08-b35158fe056e,2eb57137-ce37-5047-ab08-b35158fe056e,dd1a4ab7-f80c-47e6-8519-82a74f82cbd4,KXBTC15M-26JAN170445-45,KXBTC15M-26JAN170445-45,no,sell,5,0.41,41,59,0.4100,0.5900,True,,2026-01-17T09:42:03.216594Z,1768642923
d8300eb3-d945-7c3a-263d-172ba1449396,d8300eb3-d945-7c3a-263d-172ba1449396,f478a6be-db10-4d00-a3d0-983c863adcd5,KXBTC15M-26JAN170445-45,KXBTC15M-26JAN170445-45,yes,buy,2,0.21,21,79,0.2100,0.7900,True,,2026-01-17T09:33:16.890206Z,1768642396
88afc51f-f777-447a-3e7c-f6e17584cdd7,88afc51f-f777-447a-3e7c-f6e17584cdd7,a54a9f61-404b-434f-a908-ce2957da5fdf,KXBTC15M-26JAN170445-45,KXBTC15M-26JAN170445-45,yes,buy,1,0.26,26,74,0.2600,0.7400,True,,2026-01-17T09:33:08.946208Z,1768642388
fd4d86ad-f539-5477-857b-33b35e003ed8,fd4d86ad-f539-5477-857b-33b35e003ed8,0ec2a1f2-ad3c-45de-8ca3-816d8f649c7f,KXBTC15M-26JAN170445-45,KXBTC15M-26JAN170445-45,yes,buy,1,0.26,26,74,0.2600,0.7400,True,,2026-01-17T09:33:00.065405Z,1768642380
b386f687-7f53-7f31-8398-51ab9a919eed,b386f687-7f53-7f31-8398-51ab9a919eed,1cb2fb9e-ead0-4e6f-8e79-8c98077748a0,KXBTC15M-26JAN170445-45,KXBTC15M-26JAN170445-45,yes,buy,1,0.31,31,69,0.3100,0.6900,True,,2026-01-17T09:32:47.9517Z,1768642367
58240698-75b5-40b2-45f8-2c8eaee20ad6,58240698-75b5-40b2-45f8-2c8eaee20ad6,f50ec6ec-08ea-43c3-bf7a-1eebf8572fec,KXBTC15M-26JAN170445-45,KXBTC15M-26JAN170445-45,yes,buy,1,0.31,31,69,0.3100,0.6900,True,,2026-01-17T09:32:37.580264Z,1768642357
46434f40-13b2-57e4-ad64-b6de1a882064,46434f40-13b2-57e4-ad64-b6de1a882064,2c7c54e2-cc7f-479c-8b9d-8dc46cd1fe41,KXBTC15M-26JAN170445-45,KXBTC15M-26JAN170445-45,yes,buy,1,0.31,31,69,0.3100,0.6900,True,,2026-01-17T09:32:30.638505Z,1768642350
34fb6802-451c-4509-41a5-815097e0b127,34fb6802-451c-4509-41a5-815097e0b127,51851c7c-48a3-421e-b31e-258a12bd0918,KXBTC15M-26JAN170430-30,KXBTC15M-26JAN170430-30,yes,buy,1,0.23,23,77,0.2300,0.7700,True,,2026-01-17T09:17:56.170931Z,1768641476
178bd254-076b-72fd-f7c0-c2ae1951c2a0,178bd254-076b-72fd-f7c0-c2ae1951c2a0,43df25c7-a535-4f9c-99b7-b7b4454c0f79,KXBTC15M-26JAN170430-30,KXBTC15M-26JAN170430-30,yes,buy,1,0.22,22,78,0.2200,0.7800,True,,2026-01-17T09:17:43.970119Z,1768641463
ed15a91a-38ca-513e-4d63-7c0cb1ce5f5e,ed15a91a-38ca-513e-4d63-7c0cb1ce5f5e,55655f6f-f5a0-4512-b488-458a780bcb39,KXBTC15M-26JAN170430-30,KXBTC15M-26JAN170430-30,yes,buy,1,0.19,19,81,0.1900,0.8100,True,,2026-01-17T09:17:36.302132Z,1768641456
95068455-79c3-6767-87a3-f3d455ccea44,95068455-79c3-6767-87a3-f3d455ccea44,98cab6da-5a65-48fd-8823-828d8124b207,KXBTC15M-26JAN170430-30,KXBTC15M-26JAN170430-30,yes,buy,2,0.19,19,81,0.1900,0.8100,True,,2026-01-17T09:17:29.23885Z,1768641449
da243e79-1659-471d-53a1-931a22067026,da243e79-1659-471d-53a1-931a22067026,d596c382-001b-418f-ba14-d4f2c96bc7b1,KXBTC15M-26JAN170430-30,KXBTC15M-26JAN170430-30,yes,buy,1,0.2,20,80,0.2000,0.8000,True,,2026-01-17T09:17:20.052798Z,1768641440
487b6cb0-7fac-41a7-db5d-885cd346361b,487b6cb0-7fac-41a7-db5d-885cd346361b,aad1ecf1-924a-4055-9faa-f263ab2c4484,KXBTC15M-26JAN170430-30,KXBTC15M-26JAN170430-30,yes,buy,1,0.21,21,79,0.2100,0.7900,True,,2026-01-17T09:17:10.943068Z,1768641430
5a5285ba-9f31-481d-8c85-979d89f55c8b,5a5285ba-9f31-481d-8c85-979d89f55c8b,ec0d52a3-8629-42ed-8408-f178ebbc8a05,KXBTC15M-26JAN170415-15,KXBTC15M-26JAN170415-15,yes,buy,1,0.45,45,55,0.4500,0.5500,True,,2026-01-17T09:05:04.237652Z,1768640704
a4e4cbb2-a45e-61e2-7871-ffb2f3db532e,a4e4cbb2-a45e-61e2-7871-ffb2f3db532e,1b1d7a9d-d962-4902-b0aa-eff6c4e93ab2,KXBTC15M-26JAN170415-15,KXBTC15M-26JAN170415-15,yes,buy,1,0.48,48,52,0.4800,0.5200,True,,2026-01-17T09:04:55.972442Z,1768640695
0c57abb1-e916-69b4-273e-ed6ccd8a5fbd,0c57abb1-e916-69b4-273e-ed6ccd8a5fbd,03fa6f04-46d0-4b18-a592-d3b7510dae16,KXBTC15M-26JAN170415-15,KXBTC15M-26JAN170415-15,yes,buy,1,0.48,48,52,0.4800,0.5200,True,,2026-01-17T09:04:48.454005Z,1768640688
26e21642-bc17-49c1-28b8-0a45cdc74a6c,26e21642-bc17-49c1-28b8-0a45cdc74a6c,439862a2-e84b-4110-a945-501ce6d0865d,KXBTC15M-26JAN170415-15,KXBTC15M-26JAN170415-15,yes,buy,1,0.49,49,51,0.4900,0.5100,True,,2026-01-17T09:04:40.152229Z,1768640680
a3a5c543-f3e7-6e41-b9b6-ae0c5fffd388,a3a5c543-f3e7-6e41-b9b6-ae0c5fffd388,62c99662-bbb7-48f0-8d06-f90e825ea024,KXBTC15M-26JAN170415-15,KXBTC15M-26JAN170415-15,yes,buy,1,0.49,49,51,0.4900,0.5100,True,,2026-01-17T09:04:30.361252Z,1768640670
f972fba3-31f6-65e0-dfd5-7204b2814df3,f972fba3-31f6-65e0-dfd5-7204b2814df3,3d534ddf-13d2-4985-93c4-fbc1fbdfd9ca,KXBTC15M-26JAN170415-15,KXBTC15M-26JAN170415-15,yes,buy,1,0.45,45,55,0.4500,0.5500,True,,2026-01-17T09:04:18.579306Z,1768640658
d9934d70-4796-4714-e7b7-92f46fa8075c,d9934d70-4796-4714-e7b7-92f46fa8075c,2bc3cf46-2294-4135-9b89-8d7f4c6fc626,KXBTC15M-26JAN170415-15,KXBTC15M-26JAN170415-15,yes,buy,1,0.45,45,55,0.4500,0.5500,True,,2026-01-17T09:04:06.521241Z,1768640646
128900d4-8fd2-5820-3ef7-ca2ab21de299,128900d4-8fd2-5820-3ef7-ca2ab21de299,6ee961f0-8ea5-47c0-a034-47caa64cc827,KXBTC15M-26JAN170400-00,KXBTC15M-26JAN170400-00,no,buy,1,0.79,79,21,0.7900,0.2100,True,,2026-01-17T08:50:45.515345Z,1768639845
ef6883a5-9e74-77bf-9a29-9af556d36f86,ef6883a5-9e74-77bf-9a29-9af556d36f86,79d46be8-0cc7-4f6e-85df-fff8a19ba8bc,KXBTC15M-26JAN170400-00,KXBTC15M-26JAN170400-00,no,buy,1,0.81,81,19,0.8100,0.1900,True,,2026-01-17T08:50:37.365741Z,1768639837
17ab4240-2593-5f41-9d45-a32a79aff696,17ab4240-2593-5f41-9d45-a32a79aff696,bd2ea5ab-979d-46e9-8141-716a2e0fa5b1,KXBTC15M-26JAN170400-00,KXBTC15M-26JAN170400-00,no,buy,1,0.8,80,20,0.8000,0.2000,True,,2026-01-17T08:49:28.954779Z,1768639768
71450a3a-7303-6778-4684-fe9a86304b30,71450a3a-7303-6778-4684-fe9a86304b30,f0ee2b73-d85d-494f-b91e-ad56cbb9f083,KXBTC15M-26JAN170400-00,KXBTC15M-26JAN170400-00,no,buy,1,0.81,81,19,0.8100,0.1900,True,,2026-01-17T08:49:19.033441Z,1768639759
111cb736-da35-4dc1-9b52-b2d8792496c3,111cb736-da35-4dc1-9b52-b2d8792496c3,5bca38aa-33ea-432f-8014-8920b4efcd58,KXBTC15M-26JAN170400-00,KXBTC15M-26JAN170400-00,no,buy,1,0.81,81,19,0.8100,0.1900,True,,2026-01-17T08:49:10.526098Z,1768639750
b7e3ad47-47b6-7912-26aa-bfb85abac68b,b7e3ad47-47b6-7912-26aa-bfb85abac68b,2b44a6a8-41e2-4c9e-ab5a-a452b6b9497d,KXBTC15M-26JAN170400-00,KXBTC15M-26JAN170400-00,no,buy,1,0.8,80,20,0.8000,0.2000,True,,2026-01-17T08:49:03.477706Z,1768639743
4427510b-8792-7350-a4df-757e33af35e3,4427510b-8792-7350-a4df-757e33af35e3,cb48f587-20a9-4dda-890c-464bd39ad7dd,KXBTC15M-26JAN170400-00,KXBTC15M-26JAN170400-00,no,buy,1,0.79,79,21,0.7900,0.2100,True,,2026-01-17T08:48:52.762816Z,1768639732
ec34f728-4399-5ad4-b7f1-9118229d3a0e,ec34f728-4399-5ad4-b7f1-9118229d3a0e,4c8a699b-bbd7-44a7-803c-a4264663e910,KXBTC15M-26JAN170345-45,KXBTC15M-26JAN170345-45,no,buy,1,0.64,64,36,0.6400,0.3600,True,,2026-01-17T08:36:07.309652Z,1768638967
533d72a1-8751-7668-3f0f-f053d87d4fe6,533d72a1-8751-7668-3f0f-f053d87d4fe6,634808f9-cae5-4f88-a203-3c74b8dbf46a,KXBTC15M-26JAN170345-45,KXBTC15M-26JAN170345-45,no,buy,1,0.64,64,36,0.6400,0.3600,True,,2026-01-17T08:35:59.030638Z,1768638959
7d770f26-002d-5f00-517d-242220af02e6,7d770f26-002d-5f00-517d-242220af02e6,a8da9798-2b3a-45d2-b99f-8968c6ef672a,KXBTC15M-26JAN170345-45,KXBTC15M-26JAN170345-45,no,buy,1,0.64,64,36,0.6400,0.3600,True,,2026-01-17T08:35:51.381614Z,1768638951
97666d39-1d99-67e8-8c24-ed695e0b1d86,97666d39-1d99-67e8-8c24-ed695e0b1d86,125ecf1f-ec57-4be8-8ec9-fb3a194660f2,KXBTC15M-26JAN170345-45,KXBTC15M-26JAN170345-45,no,buy,1,0.64,64,36,0.6400,0.3600,True,,2026-01-17T08:35:41.230846Z,1768638941
a75ffa2b-afed-695c-00c8-ee0cedbba23a,a75ffa2b-afed-695c-00c8-ee0cedbba23a,9e50aadb-40ca-4845-adf2-fbe375aa4f1d,KXBTC15M-26JAN170345-45,KXBTC15M-26JAN170345-45,no,buy,1,0.64,64,36,0.6400,0.3600,True,,2026-01-17T08:35:33.441335Z,1768638933
958d67ae-b10b-514d-5233-8f6dec20577a,958d67ae-b10b-514d-5233-8f6dec20577a,26b6b080-992d-47d3-bd26-7b2e3422bfc8,KXBTC15M-26JAN170345-45,KXBTC15M-26JAN170345-45,no,buy,1,0.65,65,35,0.6500,0.3500,True,,2026-01-17T08:32:23.309823Z,1768638743
16b43e5a-8037-4dcd-2d6b-2c3f6c3e5bd6,16b43e5a-8037-4dcd-2d6b-2c3f6c3e5bd6,bd268ebc-0613-4200-ac37-d05740886625,KXBTC15M-26JAN170345-45,KXBTC15M-26JAN170345-45,no,buy,1,0.66,66,34,0.6600,0.3400,True,,2026-01-17T08:31:23.216622Z,1768638683
0ee37323-caf9-7686-1b54-f30485cb16fd,0ee37323-caf9-7686-1b54-f30485cb16fd,5a824637-0a47-4c9d-a671-34c1d5f273d0,KXBTC15M-26JAN170330-30,KXBTC15M-26JAN170330-30,yes,buy,1,0.95,95,5,0.9500,0.0500,True,,2026-01-17T08:28:24.92387Z,1768638504
6783b6ed-43ac-65fb-d435-ba13a1aa6d6c,6783b6ed-43ac-65fb-d435-ba13a1aa6d6c,0740ef77-7227-4968-9247-3987f5e44dd5,KXBTC15M-26JAN170330-30,KXBTC15M-26JAN170330-30,yes,buy,2,0.92,92,8,0.9200,0.0800,True,,2026-01-17T08:28:15.235913Z,1768638495
39ab6079-5464-6103-4efe-30c416158c70,39ab6079-5464-6103-4efe-30c416158c70,d0cadad2-77d5-4856-b4f5-db32180bb592,KXBTC15M-26JAN170330-30,KXBTC15M-26JAN170330-30,yes,buy,2,0.92,92,8,0.9200,0.0800,True,,2026-01-17T08:28:07.994368Z,1768638487
adf3f915-3375-67e1-9c75-7f69da32b89c,adf3f915-3375-67e1-9c75-7f69da32b89c,8238937c-9258-4a13-8668-1d85c1238389,KXBTC15M-26JAN170330-30,KXBTC15M-26JAN170330-30,yes,buy,1,0.54,54,46,0.5400,0.4600,True,,2026-01-17T08:16:49.44784Z,1768637809
6769d0ee-52c0-47c9-0b15-75d89f4c9b1a,6769d0ee-52c0-47c9-0b15-75d89f4c9b1a,acf3fcbc-4d58-4055-ac27-975b360b5185,KXBTC15M-26JAN170315-15,KXBTC15M-26JAN170315-15,no,buy,1,0.65,65,35,0.6500,0.3500,True,,2026-01-17T08:04:37.073986Z,1768637077
3b56ead4-a6fa-548c-e0a0-44ab9caab32a,3b56ead4-a6fa-548c-e0a0-44ab9caab32a,0c278c75-7b84-4643-99bc-3bf8f942daad,KXBTC15M-26JAN170315-15,KXBTC15M-26JAN170315-15,no,buy,1,0.67,67,33,0.6700,0.3300,True,,2026-01-17T08:04:19.620094Z,1768637059
08c807bf-61ca-503b-890f-5ef11862574d,08c807bf-61ca-503b-890f-5ef11862574d,7d0d91bd-eb36-45b5-847f-a6718c82eb0d,KXBTC15M-26JAN170315-15,KXBTC15M-26JAN170315-15,no,buy,1,0.66,66,34,0.6600,0.3400,True,,2026-01-17T08:04:11.517315Z,1768637051
cbff87a0-3ae6-611d-cea4-49a0087c1d47,cbff87a0-3ae6-611d-cea4-49a0087c1d47,c4031272-7df7-4b08-9523-8eb812006fcc,KXBTC15M-26JAN170315-15,KXBTC15M-26JAN170315-15,no,buy,1,0.66,66,34,0.6600,0.3400,True,,2026-01-17T08:04:04.519993Z,1768637044
c5d5a2ee-002c-7b7e-07b9-aa946fe39613,c5d5a2ee-002c-7b7e-07b9-aa946fe39613,8a2da8fa-23ce-4cbd-a801-2ceb7f3ba7be,KXBTC15M-26JAN170315-15,KXBTC15M-26JAN170315-15,no,buy,1,0.53,53,47,0.5300,0.4700,True,,2026-01-17T08:03:32.617681Z,1768637012
608ea983-606b-78aa-4edc-008e35937501,608ea983-606b-78aa-4edc-008e35937501,8c4c2645-8281-4f58-bc39-dfa1c8f93535,KXBTC15M-26JAN170315-15,KXBTC15M-26JAN170315-15,no,buy,1,0.52,52,48,0.5200,0.4800,True,,2026-01-17T08:03:24.443527Z,1768637004
637fe693-14a0-7a71-54fb-9a32bf4599e7,637fe693-14a0-7a71-54fb-9a32bf4599e7,8f35a2e8-4afc-4fef-bc78-cb96e0735f93,KXBTC15M-26JAN170315-15,KXBTC15M-26JAN170315-15,no,buy,1,0.53,53,47,0.5300,0.4700,True,,2026-01-17T08:01:13.309753Z,1768636873
1cc1ca0d-04c0-59bd-3f0d-1008bcd7040a,1cc1ca0d-04c0-59bd-3f0d-1008bcd7040a,c0ca633b-d057-46c5-a788-974ed2c9b057,KXBTC15M-26JAN170300-00,KXBTC15M-26JAN170300-00,yes,buy,1,0.12,12,88,0.1200,0.8800,True,,2026-01-17T07:49:48.344511Z,1768636188
2203346f-8983-4a7e-17a0-b655ffbaa371,2203346f-8983-4a7e-17a0-b655ffbaa371,0a1f3da4-475b-4394-a58d-5da637484e04,KXBTC15M-26JAN170300-00,KXBTC15M-26JAN170300-00,yes,buy,1,0.12,12,88,0.1200,0.8800,True,,2026-01-17T07:49:39.447689Z,1768636179
84ba8976-9208-56ca-b368-a10c7fcb76de,84ba8976-9208-56ca-b368-a10c7fcb76de,4a94110e-8178-4564-8061-ebade2bfc8e6,KXBTC15M-26JAN170300-00,KXBTC15M-26JAN170300-00,yes,buy,1,0.14,14,86,0.1400,0.8600,True,,2026-01-17T07:48:39.034441Z,1768636119
492890e1-2dd9-74c6-6e84-1229a09bbead,492890e1-2dd9-74c6-6e84-1229a09bbead,afe06adb-ce3f-4d81-b545-1f05eb8e3eff,KXBTC15M-26JAN170300-00,KXBTC15M-26JAN170300-00,yes,buy,1,0.16,16,84,0.1600,0.8400,True,,2026-01-17T07:48:31.567419Z,1768636111
102bcffe-7e80-72fb-e678-20a9cb4ecfab,102bcffe-7e80-72fb-e678-20a9cb4ecfab,dd06ef3d-bcf5-4d09-9870-e1796c91b14d,KXBTC15M-26JAN170300-00,KXBTC15M-26JAN170300-00,yes,buy,1,0.17,17,83,0.1700,0.8300,True,,2026-01-17T07:48:22.799043Z,1768636102
1a751b50-5778-4117-963b-60c8b0ae39ac,1a751b50-5778-4117-963b-60c8b0ae39ac,18b01118-db2a-4046-8571-3822cc781bb8,KXBTC15M-26JAN170300-00,KXBTC15M-26JAN170300-00,yes,buy,1,0.18,18,82,0.1800,0.8200,True,,2026-01-17T07:48:14.201842Z,1768636094
a61d1c94-6a66-6af4-c00c-ae172c71435b,a61d1c94-6a66-6af4-c00c-ae172c71435b,af394fd5-b121-491e-9431-4a1dd17bd2da,KXBTC15M-26JAN170300-00,KXBTC15M-26JAN170300-00,yes,buy,1,0.18,18,82,0.1800,0.8200,True,,2026-01-17T07:47:55.225632Z,1768636075
dd980812-e36a-7eb8-26e4-eec4f2f90d5b,dd980812-e36a-7eb8-26e4-eec4f2f90d5b,fc49f612-0ba3-4f2a-acee-25358791d1d5,KXBTC15M-26JAN170245-45,KXBTC15M-26JAN170245-45,no,sell,7,0.03,3,97,0.0300,0.9700,True,,2026-01-17T07:43:09.558297Z,1768635789
d9371421-e738-5550-ab5c-72695f1bf2b4,d9371421-e738-5550-ab5c-72695f1bf2b4,c82523d2-0b3b-4758-8985-0299e6fdafff,KXBTC15M-26JAN170245-45,KXBTC15M-26JAN170245-45,yes,buy,1,0.25,25,75,0.2500,0.7500,True,,2026-01-17T07:35:37.459971Z,1768635337
1faf0ff1-9dbd-4eb8-9e8b-1c8462f6e1c6,1faf0ff1-9dbd-4eb8-9e8b-1c8462f6e1c6,3522fbf7-1503-4141-83bd-530eb97ac8f8,KXBTC15M-26JAN170245-45,KXBTC15M-26JAN170245-45,yes,buy,1,0.26,26,74,0.2600,0.7400,True,,2026-01-17T07:35:25.698932Z,1768635325
c0225072-29c6-5d0f-ca56-3381124bad97,c0225072-29c6-5d0f-ca56-3381124bad97,720aa280-1547-47a4-98db-4832259ad1c1,KXBTC15M-26JAN170245-45,KXBTC15M-26JAN170245-45,yes,buy,1,0.33,33,67,0.3300,0.6700,True,,2026-01-17T07:34:16.642166Z,1768635256
d4e749bc-1f75-4aa5-0329-07f352b1d21b,d4e749bc-1f75-4aa5-0329-07f352b1d21b,57e86ec2-919c-4252-a019-294c1c14976c,KXBTC15M-26JAN170245-45,KXBTC15M-26JAN170245-45,yes,buy,1,0.33,33,67,0.3300,0.6700,True,,2026-01-17T07:34:09.125317Z,1768635249
6694bb9c-681e-6f2d-be7b-d4119dacb497,6694bb9c-681e-6f2d-be7b-d4119dacb497,7e5df872-3f08-491f-82d6-5645ecf1c905,KXBTC15M-26JAN170245-45,KXBTC15M-26JAN170245-45,yes,buy,1,0.32,32,68,0.3200,0.6800,True,,2026-01-17T07:33:57.00072Z,1768635237
d3684cdd-0666-5209-98ad-5a032df643a7,d3684cdd-0666-5209-98ad-5a032df643a7,1322c5a2-6496-4656-8b63-f5c140e774c9,KXBTC15M-26JAN170245-45,KXBTC15M-26JAN170245-45,yes,buy,1,0.32,32,68,0.3200,0.6800,True,,2026-01-17T07:33:49.052531Z,1768635229
17174f76-3002-4a6d-2a85-2999910a5187,17174f76-3002-4a6d-2a85-2999910a5187,e23d0548-a90f-404f-a7e9-e927efd87041,KXBTC15M-26JAN170245-45,KXBTC15M-26JAN170245-45,yes,buy,1,0.32,32,68,0.3200,0.6800,True,,2026-01-17T07:33:39.832415Z,1768635219
47cd2292-8303-72dc-07f9-57f18420e7e2,47cd2292-8303-72dc-07f9-57f18420e7e2,510a4d7b-4b6e-4c6a-ab8d-23b9a8c4cf91,KXBTC15M-26JAN170230-30,KXBTC15M-26JAN170230-30,no,buy,2,0.64,64,36,0.6400,0.3600,True,,2026-01-17T07:20:06.600797Z,1768634406
b1c5ff74-656d-7ee6-df0f-6e95d89675b4,b1c5ff74-656d-7ee6-df0f-6e95d89675b4,ea4b7e9b-784a-4f48-9a4d-7af301d3af49,KXBTC15M-26JAN170230-30,KXBTC15M-26JAN170230-30,no,buy,1,0.65,65,35,0.6500,0.3500,True,,2026-01-17T07:19:56.076043Z,1768634396
26781080-046f-41ea-4b7a-f2ae12a72ccd,26781080-046f-41ea-4b7a-f2ae12a72ccd,74926c39-639c-41b6-b10d-d2db1de833f6,KXBTC15M-26JAN170230-30,KXBTC15M-26JAN170230-30,no,buy,1,0.67,67,33,0.6700,0.3300,True,,2026-01-17T07:19:25.987454Z,1768634365
e69e2ff3-ab24-6d96-c8a2-3c43cb928444,e69e2ff3-ab24-6d96-c8a2-3c43cb928444,6d4d352b-b1aa-4bb6-938f-8e46f8da7445,KXBTC15M-26JAN170230-30,KXBTC15M-26JAN170230-30,no,buy,1,0.69,69,31,0.6900,0.3100,True,,2026-01-17T07:17:20.80031Z,1768634240
f9d5f817-0106-4ba7-e3fb-cc76e8954ce6,f9d5f817-0106-4ba7-e3fb-cc76e8954ce6,b947b7a3-ecf5-41a1-9aee-2dfb25e2d784,KXBTC15M-26JAN170230-30,KXBTC15M-26JAN170230-30,no,buy,1,0.68,68,32,0.6800,0.3200,True,,2026-01-17T07:17:05.313102Z,1768634225
2cfe07b7-d969-7cb5-208b-0aefd715ae5d,2cfe07b7-d969-7cb5-208b-0aefd715ae5d,122679fd-e5ab-4d69-adb0-2cbeb86b4c85,KXBTC15M-26JAN170230-30,KXBTC15M-26JAN170230-30,no,buy,1,0.64,64,36,0.6400,0.3600,True,,2026-01-17T07:16:44.903674Z,1768634204
dcb57fe8-6734-6bf1-2c2e-32bc6ad8459a,dcb57fe8-6734-6bf1-2c2e-32bc6ad8459a,5808d836-62c2-4843-a0a5-279ea5de26b0,KXBTC15M-26JAN170215-15,KXBTC15M-26JAN170215-15,yes,buy,1,0.09,9,91,0.0900,0.9100,True,,2026-01-17T07:03:53.193265Z,1768633433
323336a4-86ad-7d77-7818-88433c1fb571,323336a4-86ad-7d77-7818-88433c1fb571,2fbb0fe3-99be-4d87-b5e2-8b21fd70a440,KXBTC15M-26JAN170215-15,KXBTC15M-26JAN170215-15,yes,buy,1,0.08,8,92,0.0800,0.9200,True,,2026-01-17T07:02:27.738104Z,1768633347
47e6e5ec-5197-4687-9f1d-c41b245fb371,47e6e5ec-5197-4687-9f1d-c41b245fb371,686c95f3-88d9-4134-8c69-a4a442fdeb2c,KXBTC15M-26JAN170215-15,KXBTC15M-26JAN170215-15,yes,buy,2,0.08,8,92,0.0800,0.9200,True,,2026-01-17T07:02:09.933582Z,1768633329
b9c1172e-67cd-624d-85f7-8ba74c833dac,b9c1172e-67cd-624d-85f7-8ba74c833dac,9c98d98b-82fb-4a7a-8d64-c72486d1652f,KXBTC15M-26JAN170215-15,KXBTC15M-26JAN170215-15,yes,buy,2,0.08,8,92,0.0800,0.9200,True,,2026-01-17T07:02:00.34457Z,1768633320
1691232d-aff8-798b-89e2-c6eae72af5c8,1691232d-aff8-798b-89e2-c6eae72af5c8,e0b1d4fd-ee9c-4f82-8c65-16998f33c166,KXBTC15M-26JAN170215-15,KXBTC15M-26JAN170215-15,yes,buy,1,0.12,12,88,0.1200,0.8800,True,,2026-01-17T07:01:51.54523Z,1768633311
0ead64b8-0ffd-61b8-161c-2a01266e994f,0ead64b8-0ffd-61b8-161c-2a01266e994f,b2f6dfa3-9779-4870-a3d7-18913306f3f0,KXBTC15M-26JAN170200-00,KXBTC15M-26JAN170200-00,no,sell,7,0.33,33,67,0.3300,0.6700,True,,2026-01-17T06:56:06.138437Z,1768632966
df294c8d-bc36-7035-5c63-92f7a6aa5bc3,df294c8d-bc36-7035-5c63-92f7a6aa5bc3,1f1952f7-6dd7-4c00-b6ff-51905bdff7d7,KXBTC15M-26JAN170200-00,KXBTC15M-26JAN170200-00,yes,buy,1,0.27,27,73,0.2700,0.7300,True,,2026-01-17T06:48:19.009215Z,1768632499
3ef9443b-3ea7-5425-13df-6b970e4e133f,3ef9443b-3ea7-5425-13df-6b970e4e133f,0a584d11-b6a1-4542-a72c-4ff914969c6e,KXBTC15M-26JAN170200-00,KXBTC15M-26JAN170200-00,yes,buy,1,0.21,21,79,0.2100,0.7900,True,,2026-01-17T06:48:01.924208Z,1768632481
5b0996c9-754e-574c-334a-6097e2a771a9,5b0996c9-754e-574c-334a-6097e2a771a9,6c0c161d-c3eb-47a6-abeb-be120092260b,KXBTC15M-26JAN170200-00,KXBTC15M-26JAN170200-00,yes,buy,1,0.23,23,77,0.2300,0.7700,True,,2026-01-17T06:47:54.265703Z,1768632474
0fe48cac-f2a7-67cb-6e17-3073338d2905,0fe48cac-f2a7-67cb-6e17-3073338d2905,b2169271-212e-49c3-b6e0-e958cc5e3cb0,KXBTC15M-26JAN170200-00,KXBTC15M-26JAN170200-00,yes,buy,1,0.23,23,77,0.2300,0.7700,True,,2026-01-17T06:47:37.51563Z,1768632457
3be89ac9-ce53-74ec-40c9-c779df41764d,3be89ac9-ce53-74ec-40c9-c779df41764d,31767d34-d984-4fb4-ba85-cc2539a052f2,KXBTC15M-26JAN170200-00,KXBTC15M-26JAN170200-00,yes,buy,1,0.23,23,77,0.2300,0.7700,True,,2026-01-17T06:47:20.549731Z,1768632440
509eaa9a-5c7c-4e48-1f4a-c5ed119471d2,509eaa9a-5c7c-4e48-1f4a-c5ed119471d2,bab2d6f5-6fa7-40bb-a39c-c0c52d14c1ec,KXBTC15M-26JAN170200-00,KXBTC15M-26JAN170200-00,yes,buy,1,0.2,20,80,0.2000,0.8000,True,,2026-01-17T06:47:08.043832Z,1768632428
93e12f3b-6d0d-6704-142f-6464a236ed4e,93e12f3b-6d0d-6704-142f-6464a236ed4e,01877f9e-06e2-483a-a6f5-7bc68a007ea6,KXBTC15M-26JAN170200-00,KXBTC15M-26JAN170200-00,yes,buy,1,0.2,20,80,0.2000,0.8000,True,,2026-01-17T06:46:59.691271Z,1768632419
08b73f6c-37f9-44ae-6ab4-f4cfd1f866b1,08b73f6c-37f9-44ae-6ab4-f4cfd1f866b1,8a1784b3-0c72-4189-b8d2-74980cff60b0,KXBTC15M-26JAN170145-45,KXBTC15M-26JAN170145-45,no,buy,1,0.8,80,20,0.8000,0.2000,True,,2026-01-17T06:33:58.593125Z,1768631638
45612b92-3e56-4bfc-eb6e-039ab63fd31f,45612b92-3e56-4bfc-eb6e-039ab63fd31f,e0e25ef2-ce65-42c6-9544-99df9131f55f,KXBTC15M-26JAN170145-45,KXBTC15M-26JAN170145-45,no,buy,1,0.79,79,21,0.7900,0.2100,True,,2026-01-17T06:33:50.235774Z,1768631630
308d2c4c-2a74-64f4-1816-796955c9d181,308d2c4c-2a74-64f4-1816-796955c9d181,74c0dbf7-2212-4bb8-af7a-58bcbde622dc,KXBTC15M-26JAN170145-45,KXBTC15M-26JAN170145-45,no,buy,1,0.8,80,20,0.8000,0.2000,True,,2026-01-17T06:33:37.719239Z,1768631617
d2d949ad-ca52-7c76-d042-5f38a6ddb4f5,d2d949ad-ca52-7c76-d042-5f38a6ddb4f5,6c3db003-7fcb-4cc2-941c-e6e8a6c17b7b,KXBTC15M-26JAN170145-45,KXBTC15M-26JAN170145-45,no,buy,1,0.79,79,21,0.7900,0.2100,True,,2026-01-17T06:33:29.808842Z,1768631609
716d889e-f5d2-70ed-1ff2-39a06a7dfee5,716d889e-f5d2-70ed-1ff2-39a06a7dfee5,65773c3b-3f8b-4e40-a69b-fde1fd8bcfbe,KXBTC15M-26JAN170145-45,KXBTC15M-26JAN170145-45,no,buy,1,0.78,78,22,0.7800,0.2200,True,,2026-01-17T06:33:21.803343Z,1768631601
5762e13d-abe3-760b-2c62-1a18a0232c28,5762e13d-abe3-760b-2c62-1a18a0232c28,e38350c8-ae9c-4d18-a909-92fc06403ba5,KXBTC15M-26JAN170145-45,KXBTC15M-26JAN170145-45,no,buy,1,0.79,79,21,0.7900,0.2100,True,,2026-01-17T06:32:35.545182Z,1768631555
08999a65-d3f0-74f3-4a49-fee7cc8b478d,08999a65-d3f0-74f3-4a49-fee7cc8b478d,27f4b0e0-b8e8-4e3b-b2ff-fc18a77dfa0d,KXBTC15M-26JAN170145-45,KXBTC15M-26JAN170145-45,no,buy,1,0.66,66,34,0.6600,0.3400,True,,2026-01-17T06:32:14.373856Z,1768631534
58c32b6c-b8d8-67c3-b09e-c5a198a8a041,58c32b6c-b8d8-67c3-b09e-c5a198a8a041,8a8cff4c-44fc-4980-8c0d-14a851d20891,KXBTC15M-26JAN170130-30,KXBTC15M-26JAN170130-30,no,buy,3,0.14,14,86,0.1400,0.8600,True,,2026-01-17T06:28:06.692654Z,1768631286
7d0ce223-053e-476b-9993-8c13102e1186,7d0ce223-053e-476b-9993-8c13102e1186,1bfbaef2-e38a-428b-8ef3-cbe1007559be,KXBTC15M-26JAN170130-30,KXBTC15M-26JAN170130-30,no,buy,1,0.42,42,58,0.4200,0.5800,True,,2026-01-17T06:16:31.482658Z,1768630591
f108b63c-9b02-7857-221b-d6fb0b28c9aa,f108b63c-9b02-7857-221b-d6fb0b28c9aa,03b93729-4978-4e52-a8f2-5863b96e60c8,KXBTC15M-26JAN170130-30,KXBTC15M-26JAN170130-30,no,buy,1,0.49,49,51,0.4900,0.5100,True,,2026-01-17T06:16:22.837177Z,1768630582
b0cbf719-f8ae-669f-b6ec-1be768b2d72a,b0cbf719-f8ae-669f-b6ec-1be768b2d72a,93c9e760-1193-49e0-8dcf-ab24a188e768,KXBTC15M-26JAN170130-30,KXBTC15M-26JAN170130-30,no,buy,1,0.49,49,51,0.4900,0.5100,True,,2026-01-17T06:16:12.817789Z,1768630572
85354759-63bd-61d1-e9d0-dd48136d80cc,85354759-63bd-61d1-e9d0-dd48136d80cc,77471b0c-2ac2-4865-9025-c4c3bc3f2b5d,KXBTC15M-26JAN170115-15,KXBTC15M-26JAN170115-15,yes,buy,1,0.13,13,87,0.1300,0.8700,True,,2026-01-17T06:04:31.764884Z,1768629871
3f73d7a6-c8df-4367-d4b1-bdb54172628c,3f73d7a6-c8df-4367-d4b1-bdb54172628c,577bfa8b-f12f-4351-9a01-5f444266b519,KXBTC15M-26JAN170115-15,KXBTC15M-26JAN170115-15,yes,buy,1,0.14,14,86,0.1400,0.8600,True,,2026-01-17T06:04:22.511451Z,1768629862
1f35f788-5ae3-486a-9f91-d6d5b4cd66ee,1f35f788-5ae3-486a-9f91-d6d5b4cd66ee,5829eaee-f481-43fd-852d-95f9948898e2,KXBTC15M-26JAN170115-15,KXBTC15M-26JAN170115-15,yes,buy,1,0.14,14,86,0.1400,0.8600,True,,2026-01-17T06:04:14.483183Z,1768629854
62d63969-1c5f-74c0-e43d-f6d62e53f2d4,62d63969-1c5f-74c0-e43d-f6d62e53f2d4,07979fef-efcf-4f82-9d39-96966514b947,KXBTC15M-26JAN170115-15,KXBTC15M-26JAN170115-15,yes,buy,1,0.11,11,89,0.1100,0.8900,True,,2026-01-17T06:03:52.159222Z,1768629832
884da6d1-4843-75c5-63da-7c3828c7eb91,884da6d1-4843-75c5-63da-7c3828c7eb91,cc9467b3-d5b2-4c5a-b2cd-58bb2a6a8250,KXBTC15M-26JAN170115-15,KXBTC15M-26JAN170115-15,yes,buy,1,0.09,9,91,0.0900,0.9100,True,,2026-01-17T06:03:39.678647Z,1768629819
6358d7c8-f060-6918-c334-59f60d6757e8,6358d7c8-f060-6918-c334-59f60d6757e8,55dd83a3-5990-4ad3-91dd-589b0b964832,KXBTC15M-26JAN170115-15,KXBTC15M-26JAN170115-15,yes,buy,1,0.12,12,88,0.1200,0.8800,True,,2026-01-17T06:03:27.221996Z,1768629807
c9530738-f961-729f-df76-4483100d9491,c9530738-f961-729f-df76-4483100d9491,10700c66-2049-4fec-9889-7c57f7909ca5,KXBTC15M-26JAN170115-15,KXBTC15M-26JAN170115-15,yes,buy,1,0.37,37,63,0.3700,0.6300,True,,2026-01-17T06:01:26.200611Z,1768629686
7948a50f-8792-65fa-ec50-637b3f7225e6,7948a50f-8792-65fa-ec50-637b3f7225e6,1f6af011-585f-49bf-9db2-d3bc621e3244,KXBTC15M-26JAN170100-00,KXBTC15M-26JAN170100-00,no,sell,5,0.04,4,96,0.0400,0.9600,True,,2026-01-17T05:58:10.206944Z,1768629490
1571c331-e31f-7a8c-2512-b2518a17ef34,1571c331-e31f-7a8c-2512-b2518a17ef34,0d63254f-05e8-4e81-a373-d1ea3c8c54e1,KXBTC15M-26JAN170100-00,KXBTC15M-26JAN170100-00,yes,buy,1,0.24,24,76,0.2400,0.7600,True,,2026-01-17T05:53:31.127642Z,1768629211
7ad927ff-3350-638c-14b5-55d4b8e75a0e,7ad927ff-3350-638c-14b5-55d4b8e75a0e,cc9b4765-6e44-48ac-ab30-0d623a0fb0d2,KXBTC15M-26JAN170100-00,KXBTC15M-26JAN170100-00,yes,buy,1,0.24,24,76,0.2400,0.7600,True,,2026-01-17T05:53:18.755074Z,1768629198
9d609d2f-6ff3-65f7-b754-1e9091957958,9d609d2f-6ff3-65f7-b754-1e9091957958,2244eae2-c8e4-4b51-8915-8719558e6980,KXBTC15M-26JAN170100-00,KXBTC15M-26JAN170100-00,yes,buy,1,0.24,24,76,0.2400,0.7600,True,,2026-01-17T05:52:59.431645Z,1768629179
d652e1a2-02ad-429d-7f5c-3873dc684ba5,d652e1a2-02ad-429d-7f5c-3873dc684ba5,e38d9dd0-886a-4274-b205-1742026be8fe,KXBTC15M-26JAN170100-00,KXBTC15M-26JAN170100-00,yes,buy,1,0.24,24,76,0.2400,0.7600,True,,2026-01-17T05:52:49.735003Z,1768629169
112987e2-fc22-7fff-fb5b-fce23e1404b3,112987e2-fc22-7fff-fb5b-fce23e1404b3,d94ac98b-40ae-4fed-911c-b4f8abedc43a,KXBTC15M-26JAN170100-00,KXBTC15M-26JAN170100-00,yes,buy,1,0.48,48,52,0.4800,0.5200,True,,2026-01-17T05:50:04.387314Z,1768629004
6b4a9452-f9e8-79e2-d333-b49f658010e8,6b4a9452-f9e8-79e2-d333-b49f658010e8,c0c9e1fb-5b36-4ce8-919c-28bdf878350c,KXBTC15M-26JAN170045-45,KXBTC15M-26JAN170045-45,no,buy,1,0.33,33,67,0.3300,0.6700,True,,2026-01-17T05:32:04.865956Z,1768627924
2c83be7d-9acf-7932-2be3-3e2635f5d467,2c83be7d-9acf-7932-2be3-3e2635f5d467,e6935413-f23f-4e90-a68d-9711fc589060,KXBTC15M-26JAN170045-45,KXBTC15M-26JAN170045-45,no,buy,1,0.31,31,69,0.3100,0.6900,True,,2026-01-17T05:31:54.737377Z,1768627914
21553f09-9cb8-4366-d671-bf4332e6a740,21553f09-9cb8-4366-d671-bf4332e6a740,401eba00-a1bb-4126-9c45-c667acd67620,KXBTC15M-26JAN170045-45,KXBTC15M-26JAN170045-45,no,buy,1,0.35,35,65,0.3500,0.6500,True,,2026-01-17T05:31:39.42488Z,1768627899
29f8137c-f4f9-49dc-79e5-1744d4672a57,29f8137c-f4f9-49dc-79e5-1744d4672a57,5ad95d4b-7891-42f0-b958-ec87a94ae528,KXBTC15M-26JAN170045-45,KXBTC15M-26JAN170045-45,no,buy,1,0.4,40,60,0.4000,0.6000,True,,2026-01-17T05:31:19.97315Z,1768627879
59a110a7-4cc5-650c-c50d-c5b67c78d00a,59a110a7-4cc5-650c-c50d-c5b67c78d00a,5b25979d-1de5-4b8f-954e-7540d85e4cb1,KXBTC15M-26JAN170045-45,KXBTC15M-26JAN170045-45,no,buy,1,0.41,41,59,0.4100,0.5900,True,,2026-01-17T05:31:03.416875Z,1768627863
215e6763-b22e-5521-90de-4f4f905a94ad,215e6763-b22e-5521-90de-4f4f905a94ad,4b1244ce-5434-4658-8a98-211acfee625a,KXBTC15M-26JAN170030-30,KXBTC15M-26JAN170030-30,no,buy,1,0.32,32,68,0.3200,0.6800,True,,2026-01-17T05:27:29.274984Z,1768627649
ef7e9bc7-b360-4531-1a03-d221a10270e8,ef7e9bc7-b360-4531-1a03-d221a10270e8,ccff6c49-7ae3-4206-a57b-357ffd0a5e13,KXBTC15M-26JAN170030-30,KXBTC15M-26JAN170030-30,no,buy,2,0.5,50,50,0.5000,0.5000,True,,2026-01-17T05:27:09.210507Z,1768627629
93cf782e-9304-74b1-62a5-91466687788c,93cf782e-9304-74b1-62a5-91466687788c,d3d314b3-32fa-4e66-bb52-a5a60ceb1c0a,KXBTC15M-26JAN170030-30,KXBTC15M-26JAN170030-30,no,buy,2,0.5,50,50,0.5000,0.5000,True,,2026-01-17T05:27:01.689516Z,1768627621
91aa3052-0611-68d1-fdca-d7cdf0bc3acd,91aa3052-0611-68d1-fdca-d7cdf0bc3acd,e050d233-d4af-48b0-9f73-93e520a79a9c,KXBTC15M-26JAN170030-30,KXBTC15M-26JAN170030-30,no,sell,5,0.5,50,50,0.5000,0.5000,True,,2026-01-17T05:27:01.571603Z,1768627621
7708894d-c6c6-7241-dd97-354717ea17a3,7708894d-c6c6-7241-dd97-354717ea17a3,cefef747-0471-4c33-99cc-ac97354f2a07,KXBTC15M-26JAN170030-30,KXBTC15M-26JAN170030-30,yes,buy,1,0.23,23,77,0.2300,0.7700,True,,2026-01-17T05:17:59.032109Z,1768627079
8032dc78-f025-6b0b-cf75-572ef9b6fc39,8032dc78-f025-6b0b-cf75-572ef9b6fc39,9f9df3e2-e141-4866-99fc-20abee00d06d,KXBTC15M-26JAN170030-30,KXBTC15M-26JAN170030-30,yes,buy,1,0.22,22,78,0.2200,0.7800,True,,2026-01-17T05:17:26.436963Z,1768627046
96b09a74-eb65-5e53-57fc-a4f6a98a1a21,96b09a74-eb65-5e53-57fc-a4f6a98a1a21,1a3d6261-e791-4530-bfde-5c5dfa0fe9eb,KXBTC15M-26JAN170030-30,KXBTC15M-26JAN170030-30,yes,buy,1,0.22,22,78,0.2200,0.7800,True,,2026-01-17T05:17:18.836762Z,1768627038
5a633084-1065-6d27-58d5-c0b5db0d85d9,5a633084-1065-6d27-58d5-c0b5db0d85d9,a90988dd-d951-49ed-bc14-054d26ae0e15,KXBTC15M-26JAN170030-30,KXBTC15M-26JAN170030-30,yes,buy,1,0.22,22,78,0.2200,0.7800,True,,2026-01-17T05:17:10.647848Z,1768627030
8b7e4b18-2351-69fb-66e0-8d0a0632ef8d,8b7e4b18-2351-69fb-66e0-8d0a0632ef8d,dd4ed63a-d59c-48da-b399-5622d1e1d480,KXBTC15M-26JAN170030-30,KXBTC15M-26JAN170030-30,yes,buy,1,0.22,22,78,0.2200,0.7800,True,,2026-01-17T05:17:03.277285Z,1768627023
eaad2a3c-ac8f-6eae-66cf-71a878c9f425,eaad2a3c-ac8f-6eae-66cf-71a878c9f425,e4d88e9a-51a7-490a-b7e2-afcc02113170,KXBTC15M-26JAN170015-15,KXBTC15M-26JAN170015-15,no,buy,1,0.69,69,31,0.6900,0.3100,True,,2026-01-17T05:02:20.225382Z,1768626140
b0d0410e-fe13-5168-90d4-e5d275d05cee,b0d0410e-fe13-5168-90d4-e5d275d05cee,d01d85d9-5fb0-44cc-8e29-fa1b4ddff8c9,KXBTC15M-26JAN170015-15,KXBTC15M-26JAN170015-15,no,buy,1,0.68,68,32,0.6800,0.3200,True,,2026-01-17T05:02:11.341518Z,1768626131
5c50635a-3d9a-6337-ce27-45fbc44231aa,5c50635a-3d9a-6337-ce27-45fbc44231aa,c5815c34-5719-4936-9ffe-fd55e1d77e3f,KXBTC15M-26JAN170015-15,KXBTC15M-26JAN170015-15,no,buy,1,0.69,69,31,0.6900,0.3100,True,,2026-01-17T05:02:04.027206Z,1768626124
46a65dff-3ddd-40c2-b9b0-2943e042275f,46a65dff-3ddd-40c2-b9b0-2943e042275f,9617eaf8-f0a2-43ff-8837-84f85c1fb4da,KXBTC15M-26JAN170015-15,KXBTC15M-26JAN170015-15,no,buy,1,0.75,75,25,0.7500,0.2500,True,,2026-01-17T05:01:51.381616Z,1768626111
7c954653-4816-66eb-36a0-5c18c506ab90,7c954653-4816-66eb-36a0-5c18c506ab90,a6112095-6b9f-4ab9-aa72-d8adf2fc8dee,KXBTC15M-26JAN170015-15,KXBTC15M-26JAN170015-15,no,buy,1,0.75,75,25,0.7500,0.2500,True,,2026-01-17T05:01:42.409843Z,1768626102
3465c756-2c30-6de3-a94f-8a4956c3a119,3465c756-2c30-6de3-a94f-8a4956c3a119,2fcec0c9-bca8-4a82-8ec3-436b3612e3d7,KXBTC15M-26JAN170000-00,KXBTC15M-26JAN170000-00,no,buy,1,0.7,70,30,0.7000,0.3000,True,,2026-01-17T04:46:56.274336Z,1768625216
04788da6-da2a-7619-e191-ff9db37e5934,04788da6-da2a-7619-e191-ff9db37e5934,e008f0b5-488c-4ee4-9e4c-b91c9e15cb06,KXBTC15M-26JAN170000-00,KXBTC15M-26JAN170000-00,no,buy,1,0.69,69,31,0.6900,0.3100,True,,2026-01-17T04:46:47.442894Z,1768625207
d5246288-36d2-688e-8001-e44d1b2998b1,d5246288-36d2-688e-8001-e44d1b2998b1,a1562a34-7959-49ee-88c9-747a47c84853,KXBTC15M-26JAN170000-00,KXBTC15M-26JAN170000-00,no,buy,1,0.66,66,34,0.6600,0.3400,True,,2026-01-17T04:46:27.085339Z,1768625187
ef89fc4d-3058-6bd0-a794-21e2b313c70d,ef89fc4d-3058-6bd0-a794-21e2b313c70d,00c22533-4b7b-4810-84b5-9e97251d0781,KXBTC15M-26JAN170000-00,KXBTC15M-26JAN170000-00,no,buy,1,0.65,65,35,0.6500,0.3500,True,,2026-01-17T04:46:19.203717Z,1768625179
f198357f-683c-76d4-56c9-e2bccafab299,f198357f-683c-76d4-56c9-e2bccafab299,0746577f-dd62-4f51-b8e2-ee40bb675ae4,KXBTC15M-26JAN170000-00,KXBTC15M-26JAN170000-00,no,buy,1,0.65,65,35,0.6500,0.3500,True,,2026-01-17T04:46:09.214685Z,1768625169
851b4633-1057-7cac-37ac-5f4de666ac90,851b4633-1057-7cac-37ac-5f4de666ac90,1f33d250-f3d4-4ed0-aa1c-f397b973eb2e,KXBTC15M-26JAN162345-45,KXBTC15M-26JAN162345-45,no,sell,5,0.03,3,97,0.0300,0.9700,True,,2026-01-17T04:43:22.022925Z,1768625002
46755b03-1e6a-420d-b473-46218e9a3fcb,46755b03-1e6a-420d-b473-46218e9a3fcb,0a77f296-844f-4022-8e3c-c8fc006ab576,KXBTC15M-26JAN162345-45,KXBTC15M-26JAN162345-45,yes,buy,1,0.18,18,82,0.1800,0.8200,True,,2026-01-17T04:36:06.463791Z,1768624566
8f7c2375-c0ea-4c3c-d651-76d9e7fe6122,8f7c2375-c0ea-4c3c-d651-76d9e7fe6122,99824932-8c51-4008-94e3-3c623445f2e0,KXBTC15M-26JAN162345-45,KXBTC15M-26JAN162345-45,yes,buy,1,0.18,18,82,0.1800,0.8200,True,,2026-01-17T04:35:58.206085Z,1768624558
bac61c98-44a9-7b39-40dc-d476beba9a20,bac61c98-44a9-7b39-40dc-d476beba9a20,aaabecd8-2ca8-4c5f-bdcc-eb6cfda9cc07,KXBTC15M-26JAN162345-45,KXBTC15M-26JAN162345-45,yes,buy,1,0.18,18,82,0.1800,0.8200,True,,2026-01-17T04:35:41.554006Z,1768624541
21a323ac-16c3-4980-f92f-2cbbe987180d,21a323ac-16c3-4980-f92f-2cbbe987180d,b8032aea-6e67-40d3-9be9-0bbcb7c03008,KXBTC15M-26JAN162345-45,KXBTC15M-26JAN162345-45,yes,buy,1,0.2,20,80,0.2000,0.8000,True,,2026-01-17T04:35:34.042346Z,1768624534
1b551b1c-e965-5cfa-48b8-d0ec6c8b09cc,1b551b1c-e965-5cfa-48b8-d0ec6c8b09cc,562f5ac7-e514-4425-b380-ae1201405acd,KXBTC15M-26JAN162345-45,KXBTC15M-26JAN162345-45,yes,buy,1,0.23,23,77,0.2300,0.7700,True,,2026-01-17T04:35:12.457351Z,1768624512
ce2f3693-b16a-4846-abad-243ceb51726f,ce2f3693-b16a-4846-abad-243ceb51726f,13517a5c-3039-4122-81db-d649ef30119e,KXBTC15M-26JAN162330-30,KXBTC15M-26JAN162330-30,no,sell,5,0.05,5,95,0.0500,0.9500,True,,2026-01-17T04:28:02.456172Z,1768624082
85de841d-7ddf-613d-dffb-403d69f9a35f,85de841d-7ddf-613d-dffb-403d69f9a35f,75fee8a5-5ab5-4b26-9ca3-2ad37f138821,KXBTC15M-26JAN162330-30,KXBTC15M-26JAN162330-30,yes,buy,1,0.23,23,77,0.2300,0.7700,True,,2026-01-17T04:16:39.017846Z,1768623399
9ddf4787-8c6c-4d67-7f13-b503a09ea801,9ddf4787-8c6c-4d67-7f13-b503a09ea801,0698d14d-0b27-42bf-bbaf-084a4efbe1cd,KXBTC15M-26JAN162330-30,KXBTC15M-26JAN162330-30,yes,buy,1,0.21,21,79,0.2100,0.7900,True,,2026-01-17T04:16:31.64564Z,1768623391
32810037-9fb4-5703-2f02-f616feeccfde,32810037-9fb4-5703-2f02-f616feeccfde,bca1564c-4802-44d1-a5c2-3334fad2dd56,KXBTC15M-26JAN162330-30,KXBTC15M-26JAN162330-30,yes,buy,2,0.2,20,80,0.2000,0.8000,True,,2026-01-17T04:16:19.353672Z,1768623379
bd5c84a0-f37b-5985-de78-248bf29faab5,bd5c84a0-f37b-5985-de78-248bf29faab5,8ccf78f9-bfca-442f-9a88-1b249b642998,KXBTC15M-26JAN162330-30,KXBTC15M-26JAN162330-30,yes,buy,1,0.21,21,79,0.2100,0.7900,True,,2026-01-17T04:16:08.873199Z,1768623368
26a6f1ad-784b-7027-ee3d-22c9e7c443b3,26a6f1ad-784b-7027-ee3d-22c9e7c443b3,da089669-eba8-4d3c-979e-dfddf0d97765,KXBTC15M-26JAN162315-15,KXBTC15M-26JAN162315-15,yes,buy,2,0.11,11,89,0.1100,0.8900,True,,2026-01-17T04:07:44.07595Z,1768622864
528b638e-86e8-53d3-57eb-8ffcc7e15d17,528b638e-86e8-53d3-57eb-8ffcc7e15d17,43598b4a-5819-44cd-bebc-77d2c9bf7b6c,KXBTC15M-26JAN162315-15,KXBTC15M-26JAN162315-15,yes,buy,1,0.13,13,87,0.1300,0.8700,True,,2026-01-17T04:07:28.80654Z,1768622848
c5c81d97-1282-5b66-cc8e-e4c839fd50a4,c5c81d97-1282-5b66-cc8e-e4c839fd50a4,bb332c0e-7cb7-4612-9c26-da6568f500d0,KXBTC15M-26JAN162315-15,KXBTC15M-26JAN162315-15,yes,buy,1,0.11,11,89,0.1100,0.8900,True,,2026-01-17T04:07:20.717539Z,1768622840
be493ea8-1637-5503-9d62-36906651175c,be493ea8-1637-5503-9d62-36906651175c,ff590fed-ad31-4699-8786-b064a5b6442b,KXBTC15M-26JAN162315-15,KXBTC15M-26JAN162315-15,yes,buy,1,0.12,12,88,0.1200,0.8800,True,,2026-01-17T04:07:12.995516Z,1768622832
3864ca08-ca99-47c7-d1ce-1142b5cc2e1d,3864ca08-ca99-47c7-d1ce-1142b5cc2e1d,ab3806ce-dff6-4265-97d8-f92c0e3274ab,KXBTC15M-26JAN162300-00,KXBTC15M-26JAN162300-00,no,buy,1,0.88,88,12,0.8800,0.1200,True,,2026-01-17T03:52:04.112921Z,1768621924
b9b3c55d-43d5-4ddb-db76-34cdfaec2755,b9b3c55d-43d5-4ddb-db76-34cdfaec2755,0b4dc51b-bda5-40e2-9576-f04fddfa76f9,KXBTC15M-26JAN162300-00,KXBTC15M-26JAN162300-00,no,buy,1,0.88,88,12,0.8800,0.1200,True,,2026-01-17T03:51:48.846472Z,1768621908
3c458960-9514-4fea-457c-610899ddf0f5,3c458960-9514-4fea-457c-610899ddf0f5,f16528f9-eb55-4002-b138-6d9ee3c08c33,KXBTC15M-26JAN162300-00,KXBTC15M-26JAN162300-00,no,buy,2,0.9,90,10,0.9000,0.1000,True,,2026-01-17T03:51:29.40667Z,1768621889
145bd54b-d810-7c8b-50d3-b3bc99982e2c,145bd54b-d810-7c8b-50d3-b3bc99982e2c,133882bf-9ef4-4c83-b553-caf73fa9131e,KXBTC15M-26JAN162300-00,KXBTC15M-26JAN162300-00,no,buy,1,0.48,48,52,0.4800,0.5200,True,,2026-01-17T03:47:04.363419Z,1768621624
09c1d71c-31e8-600b-ef67-a0994d3fbe69,09c1d71c-31e8-600b-ef67-a0994d3fbe69,03e0f207-87e6-4801-907c-b4963ea581e8,KXBTC15M-26JAN162245-45,KXBTC15M-26JAN162245-45,no,buy,1,0.42,42,58,0.4200,0.5800,True,,2026-01-17T03:32:10.166678Z,1768620730
ac2fb0b4-f547-4d77-f69d-5bd395ae55c7,ac2fb0b4-f547-4d77-f69d-5bd395ae55c7,fcd08416-dbe2-415c-9996-457776185a69,KXBTC15M-26JAN162245-45,KXBTC15M-26JAN162245-45,no,buy,1,0.43,43,57,0.4300,0.5700,True,,2026-01-17T03:31:59.956971Z,1768620719
56ab31f7-3520-7ae3-65eb-d86c263318ee,56ab31f7-3520-7ae3-65eb-d86c263318ee,aa32681e-e09d-4f04-bee1-d74fffa5a33b,KXBTC15M-26JAN162245-45,KXBTC15M-26JAN162245-45,no,buy,1,0.44,44,56,0.4400,0.5600,True,,2026-01-17T03:31:49.689521Z,1768620709
