fill_id,trade_id,order_id,ticker,market_ticker,side,action,count,price,yes_price,no_price,yes_price_fixed,no_price_fixed,is_taker,client_order_id,created_time,ts
64d59f6b-8fb8-79b5-ba41-88dec646a033,64d59f6b-8fb8-79b5-ba41-88dec646a033,6d29e5a9-0fac-4edf-817b-dc9e30238e67,KXBTC15M-26JAN171030-30,KXBTC15M-26JAN171030-30,no,buy,2,0.88,88,12,0.8800,0.1200,True,,2026-01-17T15:27:46.09144Z,1768663666
5ca8a5c1-ee38-69da-7e46-e3004f319b29,5ca8a5c1-ee38-69da-7e46-e3004f319b29,cf1ed470-f39c-49f3-beda-23b944e73dfe,KXBTC15M-26JAN171030-30,KXBTC15M-26JAN171030-30,no,buy,1,0.46,46,54,0.4600,0.5400,True,,2026-01-17T15:26:22.158256Z,1768663582
f9ef3374-6143-49a3-9f59-06923f4f75e7,f9ef3374-6143-49a3-9f59-06923f4f75e7,6993f074-175b-41af-8aa6-8bacade7b62c,KXBTC15M-26JAN171030-30,KXBTC15M-26JAN171030-30,no,buy,1,0.2,20,80,0.2000,0.8000,True,,2026-01-17T15:24:02.996571Z,1768663442
5fd8fea1-9dfa-6b2d-ed6c-3bc637775cd6,5fd8fea1-9dfa-6b2d-ed6c-3bc637775cd6,56f3fe30-030f-4976-9bf7-fe3d7a731a7e,KXBTC15M-26JAN171030-30,KXBTC15M-26JAN171030-30,no,buy,1,0.26,26,74,0.2600,0.7400,True,,2026-01-17T15:23:46.58775Z,1768663426
20fe3865-a1bc-7e0b-a2e7-942789c461b4,20fe3865-a1bc-7e0b-a2e7-942789c461b4,47fa7cf0-671a-4e01-82a5-5a4b20f48de9,KXBTC15M-26JAN171030-30,KXBTC15M-26JAN171030-30,no,buy,1,0.43,43,57,0.4300,0.5700,True,,2026-01-17T15:23:36.480054Z,1768663416
03564dee-eb24-7767-e1ca-f02665db7038,03564dee-eb24-7767-e1ca-f02665db7038,4f106192-b5bc-4c5a-926e-034b5bf3498a,KXBTC15M-26JAN171030-30,KXBTC15M-26JAN171030-30,no,sell,3,0.43,43,57,0.4300,0.5700,True,,2026-01-17T15:23:36.369595Z,1768663416
0c5cdab1-5ac7-46ab-a9ab-d764b46cafe6,0c5cdab1-5ac7-46ab-a9ab-d764b46cafe6,be4537ec-f7d8-423a-8366-a8b3ad72cb5d,KXBTC15M-26JAN171030-30,KXBTC15M-26JAN171030-30,yes,buy,1,0.61,61,39,0.6100,0.3900,True,,2026-01-17T15:18:09.403592Z,1768663089
d7160f1d-f1ee-4e25-7ac4-5432be4c10b7,d7160f1d-f1ee-4e25-7ac4-5432be4c10b7,5b96ecd8-a56b-4223-bba1-0c0ee16e9d85,KXBTC15M-26JAN171030-30,KXBTC15M-26JAN171030-30,yes,buy,1,0.58,58,42,0.5800,0.4200,True,,2026-01-17T15:17:48.924197Z,1768663068
79e5597f-9a22-60d1-f065-da00f5b9b5a3,79e5597f-9a22-60d1-f065-da00f5b9b5a3,b02a3940-3f98-499e-9909-6f827393f4c0,KXBTC15M-26JAN171030-30,KXBTC15M-26JAN171030-30,yes,buy,1,0.58,58,42,0.5800,0.4200,True,,2026-01-17T15:17:41.235346Z,1768663061
060a5d41-eac9-485b-a1ec-88b465927db3,060a5d41-eac9-485b-a1ec-88b465927db3,7e61587c-1caf-41c8-8da4-c4cc143b7d53,KXBTC15M-26JAN171015-15,KXBTC15M-26JAN171015-15,yes,buy,2,0.93,93,7,0.9300,0.0700,True,,2026-01-17T15:13:11.979304Z,1768662791
b9469935-d818-5a97-4146-c78d7f7f4c26,b9469935-d818-5a97-4146-c78d7f7f4c26,12f5948f-2f7c-4673-b3c2-54984dd360d7,KXBTC15M-26JAN171015-15,KXBTC15M-26JAN171015-15,yes,sell,7,0.95,95,5,0.9500,0.0500,True,,2026-01-17T15:13:02.477755Z,1768662782
b4b5d774-3290-4cc5-9005-b82ee1d9491d,b4b5d774-3290-4cc5-9005-b82ee1d9491d,d7f3737a-2429-404b-840e-5e082aa0eb3d,KXBTC15M-26JAN171015-15,KXBTC15M-26JAN171015-15,no,buy,2,0.94,94,6,0.9400,0.0600,True,,2026-01-17T15:11:12.211288Z,1768662672
53ee55ae-0f6c-4089-4bab-4ad114e880ed,53ee55ae-0f6c-4089-4bab-4ad114e880ed,6e2593cc-ab56-4358-b2e5-e2b7d7ec9941,KXBTC15M-26JAN171015-15,KXBTC15M-26JAN171015-15,no,buy,3,0.94,94,6,0.9400,0.0600,True,,2026-01-17T15:10:36.395268Z,1768662636
4beb17e7-d2a8-4386-ae4e-b7890fb92402,4beb17e7-d2a8-4386-ae4e-b7890fb92402,7aad4c00-2b2a-4344-8530-e7db95c80f77,KXBTC15M-26JAN171015-15,KXBTC15M-26JAN171015-15,no,buy,2,0.76,76,24,0.7600,0.2400,True,,2026-01-17T15:06:25.30285Z,1768662385
9f3ca242-654d-5db0-61f4-5587d669236d,9f3ca242-654d-5db0-61f4-5587d669236d,99c0e21c-9828-44ed-b86c-8640c326427e,KXBTC15M-26JAN171000-00,KXBTC15M-26JAN171000-00,no,buy,1,0.29,29,71,0.2900,0.7100,True,,2026-01-17T14:48:11.096419Z,1768661291
7cd34c9d-00c1-69c4-a280-890562a389cd,7cd34c9d-00c1-69c4-a280-890562a389cd,e13b19ab-414b-49f0-88b1-b1606e14e8d6,KXBTC15M-26JAN171000-00,KXBTC15M-26JAN171000-00,no,buy,1,0.29,29,71,0.2900,0.7100,True,,2026-01-17T14:48:04.014449Z,1768661284
2f831278-ea02-7993-e7f7-33b914155165,2f831278-ea02-7993-e7f7-33b914155165,d4a1c382-b29a-4c87-97f6-269789b44210,KXBTC15M-26JAN171000-00,KXBTC15M-26JAN171000-00,no,buy,1,0.3,30,70,0.3000,0.7000,True,,2026-01-17T14:47:46.777708Z,1768661266
4071589a-4373-6787-cf22-f0d94a941112,4071589a-4373-6787-cf22-f0d94a941112,44b0c013-ad6b-4ba6-9337-d9a9fc2674d9,KXBTC15M-26JAN170945-45,KXBTC15M-26JAN170945-45,yes,sell,7,0.93,93,7,0.9300,0.0700,True,,2026-01-17T14:41:04.96859Z,1768660864
eb9d7e95-94b5-617b-ea5a-0f546946d303,eb9d7e95-94b5-617b-ea5a-0f546946d303,48125628-e14d-4ab7-9903-5e8d11ffaf91,KXBTC15M-26JAN170945-45,KXBTC15M-26JAN170945-45,no,buy,1,0.83,83,17,0.8300,0.1700,True,,2026-01-17T14:38:55.950019Z,1768660735
a6bd8a37-31e7-7c33-0bf1-c9bbfa79de85,a6bd8a37-31e7-7c33-0bf1-c9bbfa79de85,1395da56-5605-4cce-a5fa-b903875bbb60,KXBTC15M-26JAN170945-45,KXBTC15M-26JAN170945-45,no,buy,1,0.81,81,19,0.8100,0.1900,True,,2026-01-17T14:38:44.827239Z,1768660724
14db662e-080d-72be-92e5-2552aadb6eaf,14db662e-080d-72be-92e5-2552aadb6eaf,c9ebc5d7-e1f1-4e90-8788-f2095acbc777,KXBTC15M-26JAN170945-45,KXBTC15M-26JAN170945-45,no,buy,1,0.79,79,21,0.7900,0.2100,True,,2026-01-17T14:38:29.29665Z,1768660709
827c5f50-6b42-518e-6dd4-3f14707007b2,827c5f50-6b42-518e-6dd4-3f14707007b2,bb5f93d2-ae72-47ab-b5d9-41202f327e27,KXBTC15M-26JAN170945-45,KXBTC15M-26JAN170945-45,no,buy,1,0.78,78,22,0.7800,0.2200,True,,2026-01-17T14:38:11.335661Z,1768660691
a5af3e9a-5bdf-53a6-c006-8b749a2d4a75,a5af3e9a-5bdf-53a6-c006-8b749a2d4a75,b4a3fd0a-8467-469e-9fa7-bdd9453b97fa,KXBTC15M-26JAN170945-45,KXBTC15M-26JAN170945-45,no,buy,1,0.83,83,17,0.8300,0.1700,True,,2026-01-17T14:37:59.654487Z,1768660679
78881674-9672-7c71-1d05-82f64071d437,78881674-9672-7c71-1d05-82f64071d437,c6c12666-3ac0-4f3f-a26f-8d7b98117b77,KXBTC15M-26JAN170945-45,KXBTC15M-26JAN170945-45,no,buy,1,0.76,76,24,0.7600,0.2400,True,,2026-01-17T14:37:51.354519Z,1768660671
89cf68fd-16d2-5df5-de9b-d167a524e9f3,89cf68fd-16d2-5df5-de9b-d167a524e9f3,90f1edfa-c5a2-4795-91e7-1e93e1212242,KXBTC15M-26JAN170945-45,KXBTC15M-26JAN170945-45,no,buy,1,0.73,73,27,0.7300,0.2700,True,,2026-01-17T14:36:50.493876Z,1768660610
0d5456a3-f394-56b3-d838-50cf43913ec2,0d5456a3-f394-56b3-d838-50cf43913ec2,e1eb747f-2732-4473-9c16-0daae10cbc4c,KXBTC15M-26JAN170930-30,KXBTC15M-26JAN170930-30,yes,sell,7,0.94,94,6,0.9400,0.0600,True,,2026-01-17T14:28:49.642711Z,1768660129
8d24df00-6a77-47c7-e65d-fd9610934596,8d24df00-6a77-47c7-e65d-fd9610934596,b852bcce-d5b8-40ba-96fd-60234b96da0b,KXBTC15M-26JAN170930-30,KXBTC15M-26JAN170930-30,no,buy,1,0.81,81,19,0.8100,0.1900,True,,2026-01-17T14:20:46.678096Z,1768659646
063a57e1-27bb-57c5-f25d-92b122433b8d,063a57e1-27bb-57c5-f25d-92b122433b8d,45302a23-38c6-4497-9b0c-b1fff5232efa,KXBTC15M-26JAN170930-30,KXBTC15M-26JAN170930-30,no,buy,1,0.79,79,21,0.7900,0.2100,True,,2026-01-17T14:20:13.152198Z,1768659613
446bdcc5-5aa4-4629-dfdd-cee82aef028b,446bdcc5-5aa4-4629-dfdd-cee82aef028b,8ab4662a-b3b4-4007-9419-e9f12d96fe2f,KXBTC15M-26JAN170930-30,KXBTC15M-26JAN170930-30,no,buy,1,0.77,77,23,0.7700,0.2300,True,,2026-01-17T14:19:51.786725Z,1768659591
f0f140eb-5cb5-529d-ee1b-43b110168adb,f0f140eb-5cb5-529d-ee1b-43b110168adb,97410bec-724c-455a-9cf9-7625fd8a2f44,KXBTC15M-26JAN170930-30,KXBTC15M-26JAN170930-30,no,buy,1,0.77,77,23,0.7700,0.2300,True,,2026-01-17T14:19:43.940468Z,1768659583
653b28f2-a503-7110-7c0f-230b07077929,653b28f2-a503-7110-7c0f-230b07077929,db2dfe2c-c1a6-4cb4-bce0-5fb708af5f5e,KXBTC15M-26JAN170930-30,KXBTC15M-26JAN170930-30,no,buy,1,0.76,76,24,0.7600,0.2400,True,,2026-01-17T14:19:24.149682Z,1768659564
62303a27-ea47-5814-86e2-3da5934cb25e,62303a27-ea47-5814-86e2-3da5934cb25e,80a0f2ce-0f66-4743-8c13-b186476e540c,KXBTC15M-26JAN170930-30,KXBTC15M-26JAN170930-30,no,buy,1,0.76,76,24,0.7600,0.2400,True,,2026-01-17T14:19:09.329903Z,1768659549
c84300b9-eb0c-6650-e518-417dc38f500c,c84300b9-eb0c-6650-e518-417dc38f500c,1b217cf3-6cab-4a45-9648-a0df7c389deb,KXBTC15M-26JAN170930-30,KXBTC15M-26JAN170930-30,no,buy,1,0.75,75,25,0.7500,0.2500,True,,2026-01-17T14:19:01.406804Z,1768659541
c0e2fdde-7557-7167-3d48-c79b1a06dd64,c0e2fdde-7557-7167-3d48-c79b1a06dd64,9dc6e162-8389-4f52-a5f6-ff952ed44c32,KXBTC15M-26JAN170915-15,KXBTC15M-26JAN170915-15,no,sell,7,0.03,3,97,0.0300,0.9700,True,,2026-01-17T14:13:02.558574Z,1768659182
c4d254aa-cad9-64c8-8ac3-d055284a7734,c4d254aa-cad9-64c8-8ac3-d055284a7734,1f938236-dd7c-4964-89d9-654b3dcb348b,KXBTC15M-26JAN170915-15,KXBTC15M-26JAN170915-15,yes,buy,1,0.2,20,80,0.2000,0.8000,True,,2026-01-17T14:07:23.224479Z,1768658843
a66473b8-2b9e-791c-4e30-6f968a698b34,a66473b8-2b9e-791c-4e30-6f968a698b34,dcd57ecf-f3ce-4c91-b404-e0928e2bf971,KXBTC15M-26JAN170915-15,KXBTC15M-26JAN170915-15,yes,buy,1,0.22,22,78,0.2200,0.7800,True,,2026-01-17T14:07:15.861368Z,1768658835
b5b8f164-aa12-4e62-af78-1913b73b15c5,b5b8f164-aa12-4e62-af78-1913b73b15c5,e7fcd8f3-63e7-434c-8a0f-4edd0c9ec624,KXBTC15M-26JAN170915-15,KXBTC15M-26JAN170915-15,yes,buy,1,0.25,25,75,0.2500,0.7500,True,,2026-01-17T14:05:50.64524Z,1768658750
17260f15-d322-487a-d8b4-56c54c802bf9,17260f15-d322-487a-d8b4-56c54c802bf9,8f5b676f-3dab-42ca-97fc-5d28b27009ab,KXBTC15M-26JAN170915-15,KXBTC15M-26JAN170915-15,yes,buy,1,0.25,25,75,0.2500,0.7500,True,,2026-01-17T14:05:43.198953Z,1768658743
c0b729ef-f317-6d13-29af-6bb522506c37,c0b729ef-f317-6d13-29af-6bb522506c37,4128194b-9e9e-48ac-a795-73778807f287,KXBTC15M-26JAN170915-15,KXBTC15M-26JAN170915-15,yes,buy,2,0.16,16,84,0.1600,0.8400,True,,2026-01-17T14:05:28.707808Z,1768658728
6aaea8d4-c150-5ffb-f6b5-2217dc708641,6aaea8d4-c150-5ffb-f6b5-2217dc708641,108b962c-5a7c-47d9-9537-7cadf3a1a6bf,KXBTC15M-26JAN170915-15,KXBTC15M-26JAN170915-15,no,sell,1,0.24,24,76,0.2400,0.7600,True,,2026-01-17T14:04:29.086361Z,1768658669
9ca99599-35d8-4a90-0dc3-df860abbc1a4,9ca99599-35d8-4a90-0dc3-df860abbc1a4,a6d7e0cb-8590-4392-a100-68210eb9a119,KXBTC15M-26JAN170915-15,KXBTC15M-26JAN170915-15,yes,buy,1,0.1,10,90,0.1000,0.9000,True,,2026-01-17T14:04:07.033492Z,1768658647
da3c1923-a321-5580-af94-9676eaa1504f,da3c1923-a321-5580-af94-9676eaa1504f,4606c4f2-4250-44ad-8045-ba2a096e0048,KXBTC15M-26JAN170915-15,KXBTC15M-26JAN170915-15,yes,buy,1,0.11,11,89,0.1100,0.8900,True,,2026-01-17T14:03:59.614975Z,1768658639
e54747a9-ba80-65e2-5ab0-32dc0f2e6187,e54747a9-ba80-65e2-5ab0-32dc0f2e6187,2509a32e-a736-48f4-b34f-4c9f0df02618,KXBTC15M-26JAN170900-00,KXBTC15M-26JAN170900-00,yes,buy,1,0.29,29,71,0.2900,0.7100,True,,2026-01-17T13:54:17.971341Z,1768658057
605289f0-c232-7b4f-0aed-5edd7d9e1874,605289f0-c232-7b4f-0aed-5edd7d9e1874,75062cf3-b030-4dab-ab45-6cd341c62d77,KXBTC15M-26JAN170900-00,KXBTC15M-26JAN170900-00,yes,buy,1,0.24,24,76,0.2400,0.7600,True,,2026-01-17T13:54:09.300103Z,1768658049
af2cdabd-e3a9-7a93-8b73-63872f2a8df5,af2cdabd-e3a9-7a93-8b73-63872f2a8df5,5a41d7e4-d331-4e41-8202-ae0a8c58a010,KXBTC15M-26JAN170900-00,KXBTC15M-26JAN170900-00,yes,buy,1,0.38,38,62,0.3800,0.6200,True,,2026-01-17T13:53:57.899794Z,1768658037
a8331c64-ffcd-712b-b413-e158fa8517a1,a8331c64-ffcd-712b-b413-e158fa8517a1,9b862652-9428-4caf-8dda-8ebd79334685,KXBTC15M-26JAN170900-00,KXBTC15M-26JAN170900-00,yes,buy,1,0.38,38,62,0.3800,0.6200,True,,2026-01-17T13:53:46.325777Z,1768658026
015653fd-4d5d-4de7-9054-c041264d6cb9,015653fd-4d5d-4de7-9054-c041264d6cb9,31df75b4-f88c-439c-84cb-46fb0e015843,KXBTC15M-26JAN170900-00,KXBTC15M-26JAN170900-00,yes,buy,1,0.38,38,62,0.3800,0.6200,True,,2026-01-17T13:53:37.896254Z,1768658017
630459b6-a48c-6e02-30a5-f209cae5b30d,630459b6-a48c-6e02-30a5-f209cae5b30d,08567b2d-b04f-49cf-a76a-3e5389f02f10,KXBTC15M-26JAN170900-00,KXBTC15M-26JAN170900-00,yes,buy,1,0.48,48,52,0.4800,0.5200,True,,2026-01-17T13:52:05.98088Z,1768657925
bfaf1bc8-f6c7-6610-58a7-7918166f87b3,bfaf1bc8-f6c7-6610-58a7-7918166f87b3,a401ce2d-2976-49d6-bb93-3a4c4e18c4f2,KXBTC15M-26JAN170900-00,KXBTC15M-26JAN170900-00,yes,buy,1,0.5,50,50,0.5000,0.5000,True,,2026-01-17T13:50:40.877901Z,1768657840
cdfb1c58-e559-7121-06d7-48dfb57fd61f,cdfb1c58-e559-7121-06d7-48dfb57fd61f,cd851496-a9f1-4f4f-ab7c-e7cf58592493,KXBTC15M-26JAN170845-45,KXBTC15M-26JAN170845-45,yes,sell,1,0.68,68,32,0.6800,0.3200,True,,2026-01-17T13:42:14.282503Z,1768657334
0efe53c4-94d8-6140-f40b-f36a40848ca2,0efe53c4-94d8-6140-f40b-f36a40848ca2,a9d7ab74-cb99-4b72-9eb2-cc24fc6c4f5a,KXBTC15M-26JAN170845-45,KXBTC15M-26JAN170845-45,no,buy,2,0.54,54,46,0.5400,0.4600,True,,2026-01-17T13:42:06.157015Z,1768657326
f1d81bf7-e248-4858-fcd5-8683d10babdf,f1d81bf7-e248-4858-fcd5-8683d10babdf,f0185fd1-d440-426b-9e3f-277d18e53ba3,KXBTC15M-26JAN170845-45,KXBTC15M-26JAN170845-45,no,buy,1,0.52,52,48,0.5200,0.4800,True,,2026-01-17T13:41:40.03714Z,1768657300
6ee393e0-4be5-4a33-a451-5403c85dd05d,6ee393e0-4be5-4a33-a451-5403c85dd05d,230bd29e-ddeb-4069-8e48-b535d75f9900,KXBTC15M-26JAN170845-45,KXBTC15M-26JAN170845-45,no,buy,1,0.56,56,44,0.5600,0.4400,True,,2026-01-17T13:41:17.500045Z,1768657277
d6a190c8-e910-6f0e-cc93-5c2eaf49ac92,d6a190c8-e910-6f0e-cc93-5c2eaf49ac92,7e4565fc-2720-4b5e-9d68-b78f77384aab,KXBTC15M-26JAN170845-45,KXBTC15M-26JAN170845-45,no,buy,1,0.66,66,34,0.6600,0.3400,True,,2026-01-17T13:40:49.15976Z,1768657249
eb2db632-3f25-5a66-60d5-1e9770d005f2,eb2db632-3f25-5a66-60d5-1e9770d005f2,903f210a-238c-46d9-b787-235708165ec9,KXBTC15M-26JAN170845-45,KXBTC15M-26JAN170845-45,no,buy,1,0.66,66,34,0.6600,0.3400,True,,2026-01-17T13:32:53.312548Z,1768656773
dc604b06-8769-76f1-ad81-4c7d27ebd73f,dc604b06-8769-76f1-ad81-4c7d27ebd73f,17bf4d58-710f-4d02-8ff9-8a5cd31b14e6,KXBTC15M-26JAN170830-30,KXBTC15M-26JAN170830-30,no,buy,1,0.87,87,13,0.8700,0.1300,True,,2026-01-17T13:18:40.776655Z,1768655920
5e40e5ba-c768-5dde-c212-44892dee0fd9,5e40e5ba-c768-5dde-c212-44892dee0fd9,58aa1b79-e580-4785-9eef-e35e325faa05,KXBTC15M-26JAN170830-30,KXBTC15M-26JAN170830-30,no,buy,1,0.86,86,14,0.8600,0.1400,True,,2026-01-17T13:18:33.669764Z,1768655913
09ca590f-4e9d-727b-15fe-b2f1c34302fb,09ca590f-4e9d-727b-15fe-b2f1c34302fb,0f83fb27-d5a0-4e22-a373-9f26d32b0d19,KXBTC15M-26JAN170830-30,KXBTC15M-26JAN170830-30,no,buy,1,0.84,84,16,0.8400,0.1600,True,,2026-01-17T13:17:49.682081Z,1768655869
0450168f-0dcc-636a-d39b-c7e9c5d14313,0450168f-0dcc-636a-d39b-c7e9c5d14313,21e6dd54-ddd4-4940-9f5e-eb6a41184de0,KXBTC15M-26JAN170830-30,KXBTC15M-26JAN170830-30,no,buy,1,0.82,82,18,0.8200,0.1800,True,,2026-01-17T13:17:39.045209Z,1768655859
f6f7b095-1090-745e-d183-eeaa473f5b77,f6f7b095-1090-745e-d183-eeaa473f5b77,dd4f34d2-5a83-4c8d-9fd8-e13aa1a3cbf9,KXBTC15M-26JAN170830-30,KXBTC15M-26JAN170830-30,no,buy,1,0.82,82,18,0.8200,0.1800,True,,2026-01-17T13:17:28.116237Z,1768655848
32524b06-d5fd-499f-e570-f33de52a892f,32524b06-d5fd-499f-e570-f33de52a892f,7a9559f8-f257-40d8-97e0-9d3fcb36887d,KXBTC15M-26JAN170830-30,KXBTC15M-26JAN170830-30,no,buy,2,0.81,81,19,0.8100,0.1900,True,,2026-01-17T13:17:20.583529Z,1768655840
a5c5d20c-9ded-487b-c597-08c84d1056b4,a5c5d20c-9ded-487b-c597-08c84d1056b4,940a6d1e-5fc9-4342-9daa-3f810569d30b,KXBTC15M-26JAN170815-15,KXBTC15M-26JAN170815-15,no,buy,2,0.44,44,56,0.4400,0.5600,True,,2026-01-17T13:12:53.922525Z,1768655573
bfbc350b-9588-51bf-56d0-cef5bcc6c754,bfbc350b-9588-51bf-56d0-cef5bcc6c754,d036e4c5-db3e-445d-b20a-937bd1bd2991,KXBTC15M-26JAN170815-15,KXBTC15M-26JAN170815-15,no,buy,1,0.4,40,60,0.4000,0.6000,True,,2026-01-17T13:12:41.640382Z,1768655561
b27b0abe-8762-5ccd-a82a-968b32ccc9ae,b27b0abe-8762-5ccd-a82a-968b32ccc9ae,fd77a0a3-4b3a-46a3-85de-618101e89208,KXBTC15M-26JAN170815-15,KXBTC15M-26JAN170815-15,no,buy,1,0.38,38,62,0.3800,0.6200,True,,2026-01-17T13:12:32.630933Z,1768655552
9f930f72-7e86-5c51-7d7b-16ac1d12d9c2,9f930f72-7e86-5c51-7d7b-16ac1d12d9c2,360da1d0-7543-4684-b08a-0188ca1f1613,KXBTC15M-26JAN170815-15,KXBTC15M-26JAN170815-15,no,sell,7,0.38,38,62,0.3800,0.6200,True,,2026-01-17T13:12:24.479686Z,1768655544
fe0c194d-bf31-4608-791d-fd3a9604c4c3,fe0c194d-bf31-4608-791d-fd3a9604c4c3,0b9c6bfe-2486-4395-b786-780970426a33,KXBTC15M-26JAN170815-15,KXBTC15M-26JAN170815-15,yes,buy,1,0.19,19,81,0.1900,0.8100,True,,2026-01-17T13:09:15.968346Z,1768655355
9251acfa-e6ed-43a0-780f-6bac0cf52a6b,9251acfa-e6ed-43a0-780f-6bac0cf52a6b,908b0693-f2f1-42ff-b7c2-ddacd6fe1199,KXBTC15M-26JAN170815-15,KXBTC15M-26JAN170815-15,yes,buy,2,0.19,19,81,0.1900,0.8100,True,,2026-01-17T13:09:00.575951Z,1768655340
409b8e9c-1478-7ce6-80dd-c59d0bb75e8e,409b8e9c-1478-7ce6-80dd-c59d0bb75e8e,07ad892b-fd9d-4c25-8934-666f849fef4d,KXBTC15M-26JAN170815-15,KXBTC15M-26JAN170815-15,yes,buy,1,0.22,22,78,0.2200,0.7800,True,,2026-01-17T13:06:50.276574Z,1768655210
c40c0f4e-ba4d-76fa-47ef-b3f5a2cbb934,c40c0f4e-ba4d-76fa-47ef-b3f5a2cbb934,6dc574e5-2ebc-4eed-bec7-c9176178db95,KXBTC15M-26JAN170815-15,KXBTC15M-26JAN170815-15,yes,buy,1,0.12,12,88,0.1200,0.8800,True,,2026-01-17T13:06:23.548773Z,1768655183
37d2f98b-8dd5-7b16-c5d4-195ba1f50648,37d2f98b-8dd5-7b16-c5d4-195ba1f50648,9132c954-635a-4d96-9e49-23bce1b7744a,KXBTC15M-26JAN170815-15,KXBTC15M-26JAN170815-15,yes,buy,1,0.12,12,88,0.1200,0.8800,True,,2026-01-17T13:06:15.476218Z,1768655175
49e246a4-b81b-747b-0bdd-a306ea09a12e,49e246a4-b81b-747b-0bdd-a306ea09a12e,e516b1ad-1b72-4ef9-a4d8-9da8547e4d0a,KXBTC15M-26JAN170815-15,KXBTC15M-26JAN170815-15,yes,buy,1,0.15,15,85,0.1500,0.8500,True,,2026-01-17T13:05:00.359417Z,1768655100
5ae5a17d-0767-4cd1-f385-71a1a3d4adda,5ae5a17d-0767-4cd1-f385-71a1a3d4adda,d87d91ac-6eca-40cc-997c-96aa19ade1de,KXBTC15M-26JAN170800-00,KXBTC15M-26JAN170800-00,no,buy,1,0.56,56,44,0.5600,0.4400,True,,2026-01-17T12:48:01.025309Z,1768654081
2322f50f-1f36-7859-2603-2448da748b70,2322f50f-1f36-7859-2603-2448da748b70,255ba45c-1bc3-4d23-a180-abb16ed9ed3c,KXBTC15M-26JAN170800-00,KXBTC15M-26JAN170800-00,no,buy,1,0.54,54,46,0.5400,0.4600,True,,2026-01-17T12:47:46.046283Z,1768654066
e3e44a02-944d-67f6-50ac-7c197b6999cd,e3e44a02-944d-67f6-50ac-7c197b6999cd,1aebbb48-7533-49c8-b0fd-4e722a965935,KXBTC15M-26JAN170800-00,KXBTC15M-26JAN170800-00,no,buy,1,0.58,58,42,0.5800,0.4200,True,,2026-01-17T12:47:36.775085Z,1768654056
9d32d245-359c-5856-88d4-4e650b491a14,9d32d245-359c-5856-88d4-4e650b491a14,2ac7ac49-6bff-464b-866f-7d30e907baa1,KXBTC15M-26JAN170800-00,KXBTC15M-26JAN170800-00,no,buy,1,0.54,54,46,0.5400,0.4600,True,,2026-01-17T12:47:29.749758Z,1768654049
be7e78dc-1fed-6ba8-3794-2e1278988ca7,be7e78dc-1fed-6ba8-3794-2e1278988ca7,fb52eb00-fa24-48ca-a4f5-5a37272188a5,KXBTC15M-26JAN170800-00,KXBTC15M-26JAN170800-00,no,buy,1,0.55,55,45,0.5500,0.4500,True,,2026-01-17T12:46:31.669216Z,1768653991
172c166e-47f0-52ce-3d3d-8b510b2711db,172c166e-47f0-52ce-3d3d-8b510b2711db,ecc0e95c-86ea-4412-a780-06410acfc93b,KXBTC15M-26JAN170800-00,KXBTC15M-26JAN170800-00,no,buy,1,0.52,52,48,0.5200,0.4800,True,,2026-01-17T12:46:19.741716Z,1768653979
21819088-ba3f-40e7-b91b-349c0b14edd2,21819088-ba3f-40e7-b91b-349c0b14edd2,dfc3b8f8-ecbf-419d-8034-494a61c81671,KXBTC15M-26JAN170800-00,KXBTC15M-26JAN170800-00,no,buy,1,0.52,52,48,0.5200,0.4800,True,,2026-01-17T12:46:07.5239Z,1768653967
0e6748f7-ef84-44e9-b48e-e1854623c751,0e6748f7-ef84-44e9-b48e-e1854623c751,a07e052e-e18e-4197-80fa-29f732b92b35,KXBTC15M-26JAN170745-45,KXBTC15M-26JAN170745-45,no,buy,1,0.65,65,35,0.6500,0.3500,True,,2026-01-17T12:39:20.661134Z,1768653560
1cc3dd4d-03e2-779f-cc36-b13f7608ecdd,1cc3dd4d-03e2-779f-cc36-b13f7608ecdd,c3b447c2-7d33-4c65-9c6f-2b9f4afb150c,KXBTC15M-26JAN170745-45,KXBTC15M-26JAN170745-45,no,buy,1,0.64,64,36,0.6400,0.3600,True,,2026-01-17T12:39:10.134663Z,1768653550
b11b370f-c40d-5c11-7f92-0db515ae4d5d,b11b370f-c40d-5c11-7f92-0db515ae4d5d,fd852a35-5ba5-46a2-b64e-d5de8ee1a304,KXBTC15M-26JAN170745-45,KXBTC15M-26JAN170745-45,no,buy,1,0.66,66,34,0.6600,0.3400,True,,2026-01-17T12:38:23.470244Z,1768653503
5761ee67-0db7-4aff-da08-64432383332b,5761ee67-0db7-4aff-da08-64432383332b,763a9df1-9f0e-4344-9141-06b1dbb49907,KXBTC15M-26JAN170745-45,KXBTC15M-26JAN170745-45,no,buy,1,0.62,62,38,0.6200,0.3800,True,,2026-01-17T12:38:11.282848Z,1768653491
81e63118-eae3-6e19-66c6-d9ca1afbc720,81e63118-eae3-6e19-66c6-d9ca1afbc720,55056c45-2bb8-48bc-b186-f759c0be31e5,KXBTC15M-26JAN170745-45,KXBTC15M-26JAN170745-45,no,buy,1,0.68,68,32,0.6800,0.3200,True,,2026-01-17T12:37:29.300038Z,1768653449
3b782b4c-a1ce-5277-9ed3-cd21b7855772,3b782b4c-a1ce-5277-9ed3-cd21b7855772,d9c3045e-89e8-4779-8276-3490d403fa00,KXBTC15M-26JAN170745-45,KXBTC15M-26JAN170745-45,no,buy,1,0.45,45,55,0.4500,0.5500,True,,2026-01-17T12:33:56.830042Z,1768653236
a01b00af-7641-6312-0107-06a0b60dccb4,a01b00af-7641-6312-0107-06a0b60dccb4,a6783486-60ae-4bcf-a73c-f6cf3adae9d9,KXBTC15M-26JAN170745-45,KXBTC15M-26JAN170745-45,no,buy,1,0.41,41,59,0.4100,0.5900,True,,2026-01-17T12:33:32.510315Z,1768653212
8ba27a7f-1053-6075-093d-9def24a98dd3,8ba27a7f-1053-6075-093d-9def24a98dd3,ca92ea73-cb21-4bbc-a3d4-beb6dbdcb665,KXBTC15M-26JAN170730-30,KXBTC15M-26JAN170730-30,yes,buy,1,0.19,19,81,0.1900,0.8100,True,,2026-01-17T12:20:48.446292Z,1768652448
ce1160c0-d618-6153-8646-c6e812098b47,ce1160c0-d618-6153-8646-c6e812098b47,22fc1470-76a1-49d0-8cc3-457deade53c0,KXBTC15M-26JAN170730-30,KXBTC15M-26JAN170730-30,yes,buy,1,0.24,24,76,0.2400,0.7600,True,,2026-01-17T12:20:10.321358Z,1768652410
44bacbea-c040-63b6-97e5-55c8d3cadea0,44bacbea-c040-63b6-97e5-55c8d3cadea0,3429d64c-20bf-49a7-8400-9d29ca6768e9,KXBTC15M-26JAN170730-30,KXBTC15M-26JAN170730-30,yes,buy,1,0.24,24,76,0.2400,0.7600,True,,2026-01-17T12:20:02.53566Z,1768652402
c2e511ec-c331-5a5b-7d4b-6ffeb41c1f89,c2e511ec-c331-5a5b-7d4b-6ffeb41c1f89,328cb4f8-3e48-456c-bd53-a599de037fb9,KXBTC15M-26JAN170730-30,KXBTC15M-26JAN170730-30,yes,buy,1,0.25,25,75,0.2500,0.7500,True,,2026-01-17T12:19:51.774267Z,1768652391
82e32c3b-7282-4b29-61e4-f88f9b48504f,82e32c3b-7282-4b29-61e4-f88f9b48504f,f6099670-5eb0-40c8-bf25-8ae7abaf41fa,KXBTC15M-26JAN170730-30,KXBTC15M-26JAN170730-30,yes,buy,1,0.24,24,76,0.2400,0.7600,True,,2026-01-17T12:19:42.076749Z,1768652382
d2456ab1-838f-7f64-0180-e2600ec463a4,d2456ab1-838f-7f64-0180-e2600ec463a4,74fa98bc-5c3e-4e8a-a3ee-cd9d20a3e845,KXBTC15M-26JAN170730-30,KXBTC15M-26JAN170730-30,yes,buy,2,0.23,23,77,0.2300,0.7700,True,,2026-01-17T12:19:20.1511Z,1768652360
fecade4f-0a5a-493e-2d80-412aa4e0d5cd,fecade4f-0a5a-493e-2d80-412aa4e0d5cd,f2eb9a48-bdec-40be-a3f3-e463f9587f12,KXBTC15M-26JAN170715-15,KXBTC15M-26JAN170715-15,yes,buy,1,0.25,25,75,0.2500,0.7500,True,,2026-01-17T12:03:26.136409Z,1768651406
ef032883-9616-6f7b-d568-281bbc92e07d,ef032883-9616-6f7b-d568-281bbc92e07d,0d13dfbc-8fd0-488b-9f36-9fa2f74d3318,KXBTC15M-26JAN170715-15,KXBTC15M-26JAN170715-15,yes,buy,1,0.26,26,74,0.2600,0.7400,True,,2026-01-17T12:03:14.041444Z,1768651394
7de99fee-e94f-5dfa-e313-cd17912f3d46,7de99fee-e94f-5dfa-e313-cd17912f3d46,772a18b7-f065-466a-96cd-5181efaf7d8e,KXBTC15M-26JAN170715-15,KXBTC15M-26JAN170715-15,yes,buy,1,0.32,32,68,0.3200,0.6800,True,,2026-01-17T12:03:02.466083Z,1768651382
537905e8-a756-6993-f9fa-314132ca8028,537905e8-a756-6993-f9fa-314132ca8028,c29ce360-357d-4a44-9865-c997a87179d6,KXBTC15M-26JAN170715-15,KXBTC15M-26JAN170715-15,yes,buy,1,0.32,32,68,0.3200,0.6800,True,,2026-01-17T12:02:54.53591Z,1768651374
5ad88b7c-cd02-6223-e283-562567603eb0,5ad88b7c-cd02-6223-e283-562567603eb0,80f480c5-2fe8-48a8-9ebb-904ebd1bd670,KXBTC15M-26JAN170715-15,KXBTC15M-26JAN170715-15,yes,buy,1,0.32,32,68,0.3200,0.6800,True,,2026-01-17T12:02:47.029432Z,1768651367
56452573-9f66-6717-f1e5-d46d49ca6820,56452573-9f66-6717-f1e5-d46d49ca6820,c3d3eb46-fb71-49e5-9a62-30dcb6b143d4,KXBTC15M-26JAN170715-15,KXBTC15M-26JAN170715-15,yes,buy,1,0.32,32,68,0.3200,0.6800,True,,2026-01-17T12:02:38.617389Z,1768651358
2f65720e-9bd6-71cb-e4a2-657f4609abe8,2f65720e-9bd6-71cb-e4a2-657f4609abe8,1d9bfe99-ba5d-4c52-9f33-dc983541b326,KXBTC15M-26JAN170715-15,KXBTC15M-26JAN170715-15,yes,buy,1,0.32,32,68,0.3200,0.6800,True,,2026-01-17T12:02:28.555254Z,1768651348
d0b48e3b-9b4c-74de-0804-06df6eee18f4,d0b48e3b-9b4c-74de-0804-06df6eee18f4,683114fe-7128-4c87-a347-cc57b8626a80,KXBTC15M-26JAN170700-00,KXBTC15M-26JAN170700-00,yes,buy,1,0.35,35,65,0.3500,0.6500,True,,2026-01-17T11:47:22.851548Z,1768650442
e23f3f25-2e41-6083-535f-49a6ccf5839f,e23f3f25-2e41-6083-535f-49a6ccf5839f,f203e30f-b4b2-49fd-bd4f-c52c0ed4a78b,KXBTC15M-26JAN170700-00,KXBTC15M-26JAN170700-00,yes,buy,1,0.35,35,65,0.3500,0.6500,True,,2026-01-17T11:47:15.17988Z,1768650435
ae25e83e-06af-53d4-63ad-30f71805368a,ae25e83e-06af-53d4-63ad-30f71805368a,54e21769-613f-44f0-bc90-2b08fef93e8e,KXBTC15M-26JAN170700-00,KXBTC15M-26JAN170700-00,yes,buy,1,0.48,48,52,0.4800,0.5200,True,,2026-01-17T11:46:55.634841Z,1768650415
23ebddd6-0127-4d26-67a3-31bf064ee476,23ebddd6-0127-4d26-67a3-31bf064ee476,a439bb98-325b-4004-bc7a-1a97c6bb39b3,KXBTC15M-26JAN170700-00,KXBTC15M-26JAN170700-00,yes,buy,1,0.46,46,54,0.4600,0.5400,True,,2026-01-17T11:46:37.628508Z,1768650397
7328d455-86bf-6960-5511-e135ff9b995e,7328d455-86bf-6960-5511-e135ff9b995e,23a15873-813b-4a5d-b13f-1f78471e957b,KXBTC15M-26JAN170700-00,KXBTC15M-26JAN170700-00,yes,buy,1,0.48,48,52,0.4800,0.5200,True,,2026-01-17T11:46:30.502866Z,1768650390
63971f13-b8eb-6aa0-5c7f-58de5e7c990a,63971f13-b8eb-6aa0-5c7f-58de5e7c990a,a78eaaa2-0eae-4aad-b364-b102af67556e,KXBTC15M-26JAN170700-00,KXBTC15M-26JAN170700-00,yes,buy,1,0.48,48,52,0.4800,0.5200,True,,2026-01-17T11:46:18.628512Z,1768650378
a0d0f0e9-a5cb-4898-b548-afbf199eca46,a0d0f0e9-a5cb-4898-b548-afbf199eca46,175f515c-89e6-4223-8929-4cdafe9fc1bd,KXBTC15M-26JAN170700-00,KXBTC15M-26JAN170700-00,yes,buy,1,0.48,48,52,0.4800,0.5200,True,,2026-01-17T11:46:11.096296Z,1768650371
f9470f5a-b5dc-48a5-65e7-7b726fa6e557,f9470f5a-b5dc-48a5-65e7-7b726fa6e557,f49f34b2-270d-40db-bdcc-a4b1b875ed2e,KXBTC15M-26JAN170645-45,KXBTC15M-26JAN170645-45,yes,buy,2,0.92,92,8,0.9200,0.0800,True,,2026-01-17T11:43:22.079491Z,1768650202
4fb6c444-5e85-730c-412c-18c35f2a7221,4fb6c444-5e85-730c-412c-18c35f2a7221,24e5cf1f-ae1c-4e68-b763-6059d7ad46fa,KXBTC15M-26JAN170645-45,KXBTC15M-26JAN170645-45,yes,buy,2,0.91,91,9,0.9100,0.0900,True,,2026-01-17T11:43:11.333813Z,1768650191
007d84af-5cb3-7c89-16d3-e4d3db77f818,007d84af-5cb3-7c89-16d3-e4d3db77f818,29bce819-4d16-4c62-a1e0-103f35bffe67,KXBTC15M-26JAN170645-45,KXBTC15M-26JAN170645-45,yes,buy,1,0.4,40,60,0.4000,0.6000,True,,2026-01-17T11:33:19.848917Z,1768649599
66056508-d1d9-5597-0c94-3ac643e84d2c,66056508-d1d9-5597-0c94-3ac643e84d2c,1ef4efa0-4dca-4419-a315-411d2ebb08de,KXBTC15M-26JAN170645-45,KXBTC15M-26JAN170645-45,yes,buy,1,0.35,35,65,0.3500,0.6500,True,,2026-01-17T11:33:09.127048Z,1768649589
89f50c8b-7588-509f-44c7-3f14facdc044,89f50c8b-7588-509f-44c7-3f14facdc044,8bc15886-1cd0-4622-b675-178caf08f951,KXBTC15M-26JAN170645-45,KXBTC15M-26JAN170645-45,yes,buy,1,0.29,29,71,0.2900,0.7100,True,,2026-01-17T11:32:34.105241Z,1768649554
dee22408-f0f8-6b71-9679-f45cdbc530d1,dee22408-f0f8-6b71-9679-f45cdbc530d1,dbed1046-f46b-4a34-80a7-f48a8ac4c593,KXBTC15M-26JAN170630-30,KXBTC15M-26JAN170630-30,yes,sell,5,0.69,69,31,0.6900,0.3100,True,,2026-01-17T11:18:27.34986Z,1768648707
04be22d3-1bcc-50f9-e92b-b282e2c827c3,04be22d3-1bcc-50f9-e92b-b282e2c827c3,8bb4a2cb-dcc7-4740-9675-737d97a050fd,KXBTC15M-26JAN170630-30,KXBTC15M-26JAN170630-30,no,buy,1,0.68,68,32,0.6800,0.3200,True,,2026-01-17T11:16:45.902579Z,1768648605
91eb4ff3-fbc0-7dc1-8585-01e3eb469a17,91eb4ff3-fbc0-7dc1-8585-01e3eb469a17,6ee1f983-e4c4-4c0e-8d5e-dfa5d5c3ff88,KXBTC15M-26JAN170630-30,KXBTC15M-26JAN170630-30,no,buy,1,0.68,68,32,0.6800,0.3200,True,,2026-01-17T11:16:31.652733Z,1768648591
ce9f779d-9e64-4241-2333-b0e535244e9f,ce9f779d-9e64-4241-2333-b0e535244e9f,b93cf798-7dad-43ee-a4f3-73e4625b4aaa,KXBTC15M-26JAN170630-30,KXBTC15M-26JAN170630-30,no,buy,1,0.68,68,32,0.6800,0.3200,True,,2026-01-17T11:16:19.552868Z,1768648579
c7ed94ca-eaa8-7f67-58a1-147640c2baa0,c7ed94ca-eaa8-7f67-58a1-147640c2baa0,d90c8e19-30d7-4c33-be33-12220ee414f6,KXBTC15M-26JAN170630-30,KXBTC15M-26JAN170630-30,no,buy,1,0.67,67,33,0.6700,0.3300,True,,2026-01-17T11:16:12.024731Z,1768648572
7f1469db-cbfa-4d3f-c632-fce370af468e,7f1469db-cbfa-4d3f-c632-fce370af468e,b2a32359-f546-42bb-9903-17c52ca560ce,KXBTC15M-26JAN170630-30,KXBTC15M-26JAN170630-30,no,buy,1,0.67,67,33,0.6700,0.3300,True,,2026-01-17T11:16:03.855368Z,1768648563
4d834eda-94ed-6e1e-cd76-2701c22f6f94,4d834eda-94ed-6e1e-cd76-2701c22f6f94,af4a3291-4676-496e-993b-5c7733a8adee,KXBTC15M-26JAN170615-15,KXBTC15M-26JAN170615-15,yes,buy,1,0.71,71,29,0.7100,0.2900,True,,2026-01-17T11:13:31.04877Z,1768648411
250b079b-de51-7e1e-bf25-b0eed2efc920,250b079b-de51-7e1e-bf25-b0eed2efc920,756820c1-14d9-4d6e-85af-b98cf7988443,KXBTC15M-26JAN170615-15,KXBTC15M-26JAN170615-15,yes,buy,1,0.71,71,29,0.7100,0.2900,True,,2026-01-17T11:13:21.888315Z,1768648401
3a47dbf5-0ddc-7a14-925a-5bde641eb5a3,3a47dbf5-0ddc-7a14-925a-5bde641eb5a3,9b825c96-781e-4d29-891a-bcab20f2c97f,KXBTC15M-26JAN170615-15,KXBTC15M-26JAN170615-15,yes,buy,1,0.54,54,46,0.5400,0.4600,True,,2026-01-17T11:13:14.386041Z,1768648394
b55ffb2c-13e0-5bb1-107d-9f2ff6dc5a43,b55ffb2c-13e0-5bb1-107d-9f2ff6dc5a43,d9a3d00f-5779-448e-a63e-11bee10bb40f,KXBTC15M-26JAN170615-15,KXBTC15M-26JAN170615-15,yes,sell,7,0.55,55,45,0.5500,0.4500,True,,2026-01-17T11:13:06.898083Z,1768648386
f664744f-d36d-52d2-57a3-c6451e73b557,f664744f-d36d-52d2-57a3-c6451e73b557,3ad58a44-690a-4535-ba24-7c1d8eb1ab29,KXBTC15M-26JAN170615-15,KXBTC15M-26JAN170615-15,no,buy,1,0.56,56,44,0.5600,0.4400,True,,2026-01-17T11:05:24.899048Z,1768647924
d1823d37-4f45-6c3a-1e79-b3db3c8025c1,d1823d37-4f45-6c3a-1e79-b3db3c8025c1,3ab46c38-9b82-4a72-aaa7-81ec1070659d,KXBTC15M-26JAN170615-15,KXBTC15M-26JAN170615-15,no,buy,1,0.56,56,44,0.5600,0.4400,True,,2026-01-17T11:05:15.331705Z,1768647915
0ef94eab-30a5-4aa7-f435-c9d6fb025713,0ef94eab-30a5-4aa7-f435-c9d6fb025713,4598a85c-e0b7-40e2-99ef-7674ace43851,KXBTC15M-26JAN170615-15,KXBTC15M-26JAN170615-15,no,buy,1,0.6,60,40,0.6000,0.4000,True,,2026-01-17T11:04:59.168246Z,1768647899
946d7521-e417-42d8-8481-885df6a1ac97,946d7521-e417-42d8-8481-885df6a1ac97,87935847-3d95-4160-8d21-460e38f6ff2a,KXBTC15M-26JAN170615-15,KXBTC15M-26JAN170615-15,no,buy,1,0.59,59,41,0.5900,0.4100,True,,2026-01-17T11:04:50.297723Z,1768647890
759e59e1-e84a-6219-dcaf-59ba6be437bf,759e59e1-e84a-6219-dcaf-59ba6be437bf,fe3cb3e5-454c-4815-953c-3768122b0844,KXBTC15M-26JAN170615-15,KXBTC15M-26JAN170615-15,no,buy,1,0.59,59,41,0.5900,0.4100,True,,2026-01-17T11:04:41.720921Z,1768647881
b3b17f39-e182-7ddd-c79a-28f9daf4756b,b3b17f39-e182-7ddd-c79a-28f9daf4756b,cce8c964-e82e-4d31-9120-20357a494c37,KXBTC15M-26JAN170615-15,KXBTC15M-26JAN170615-15,no,buy,1,0.63,63,37,0.6300,0.3700,True,,2026-01-17T11:04:34.607792Z,1768647874
6b106b12-7c84-4b83-0bb6-7ab82487f8ed,6b106b12-7c84-4b83-0bb6-7ab82487f8ed,a020baf4-f6a6-4028-ae9b-42992d98225b,KXBTC15M-26JAN170615-15,KXBTC15M-26JAN170615-15,no,buy,1,0.61,61,39,0.6100,0.3900,True,,2026-01-17T11:03:28.431188Z,1768647808
df642a40-cb43-5907-992e-1e2b1e969820,df642a40-cb43-5907-992e-1e2b1e969820,515a5809-4956-472c-8c79-244df2612995,KXBTC15M-26JAN170600-00,KXBTC15M-26JAN170600-00,yes,buy,2,0.15,15,85,0.1500,0.8500,True,,2026-01-17T10:50:34.560129Z,1768647034
32bec6f7-7033-4643-b265-ad04a6936e14,32bec6f7-7033-4643-b265-ad04a6936e14,2a2ce324-a78a-40fd-86ab-c8861c605418,KXBTC15M-26JAN170600-00,KXBTC15M-26JAN170600-00,yes,buy,1,0.15,15,85,0.1500,0.8500,True,,2026-01-17T10:50:25.714776Z,1768647025
102cc81e-41a7-4e51-df8b-cc37751d0cdf,102cc81e-41a7-4e51-df8b-cc37751d0cdf,6782c031-326b-4396-9663-71fa36bc894e,KXBTC15M-26JAN170600-00,KXBTC15M-26JAN170600-00,yes,buy,1,0.17,17,83,0.1700,0.8300,True,,2026-01-17T10:50:17.024467Z,1768647017
f9637c38-90df-43f5-ab66-9a6f670a85db,f9637c38-90df-43f5-ab66-9a6f670a85db,5dd12d38-8635-40ff-8b58-246c32396b0f,KXBTC15M-26JAN170600-00,KXBTC15M-26JAN170600-00,yes,buy,1,0.17,17,83,0.1700,0.8300,True,,2026-01-17T10:50:09.427689Z,1768647009
111763ec-dd3b-6af3-4198-654de8976758,111763ec-dd3b-6af3-4198-654de8976758,62c68a62-4cc8-4bd1-ba54-ba944fe1564b,KXBTC15M-26JAN170600-00,KXBTC15M-26JAN170600-00,yes,buy,1,0.19,19,81,0.1900,0.8100,True,,2026-01-17T10:49:58.945117Z,1768646998
af945744-8e26-5eb0-bbcf-70bdfd3ba896,af945744-8e26-5eb0-bbcf-70bdfd3ba896,e512e0b2-fd55-440f-827a-ac4638e89af2,KXBTC15M-26JAN170600-00,KXBTC15M-26JAN170600-00,yes,buy,1,0.2,20,80,0.2000,0.8000,True,,2026-01-17T10:49:47.432842Z,1768646987
0d7ad513-1ed5-44e5-12ff-8710b528301b,0d7ad513-1ed5-44e5-12ff-8710b528301b,c05c66f1-1fbb-42fe-a44d-4ad6152eae43,KXBTC15M-26JAN170545-45,KXBTC15M-26JAN170545-45,yes,buy,1,0.17,17,83,0.1700,0.8300,True,,2026-01-17T10:36:06.446923Z,1768646166
babbc7cd-6f9c-6e55-b6c7-f35922bc5e56,babbc7cd-6f9c-6e55-b6c7-f35922bc5e56,53d42c2e-d0cc-4aad-8a6d-bd84edf297f7,KXBTC15M-26JAN170545-45,KXBTC15M-26JAN170545-45,yes,buy,2,0.22,22,78,0.2200,0.7800,True,,2026-01-17T10:33:36.440124Z,1768646016
41d63834-c9e6-7000-8461-cffb2728b182,41d63834-c9e6-7000-8461-cffb2728b182,735fb97a-fff2-4c9b-8c1e-2e68f28bc322,KXBTC15M-26JAN170545-45,KXBTC15M-26JAN170545-45,yes,buy,2,0.23,23,77,0.2300,0.7700,True,,2026-01-17T10:33:25.053148Z,1768646005
20a98956-335a-5055-00c5-d678f0907b01,20a98956-335a-5055-00c5-d678f0907b01,272b48eb-a558-45b0-a004-40ac650074e1,KXBTC15M-26JAN170545-45,KXBTC15M-26JAN170545-45,yes,buy,1,0.29,29,71,0.2900,0.7100,True,,2026-01-17T10:33:17.466441Z,1768645997
8ac42db6-b5c0-721a-dea3-a198004b5085,8ac42db6-b5c0-721a-dea3-a198004b5085,af78dd49-5ec8-4e53-98d9-8df9f78e6bce,KXBTC15M-26JAN170545-45,KXBTC15M-26JAN170545-45,yes,buy,1,0.33,33,67,0.3300,0.6700,True,,2026-01-17T10:33:05.419839Z,1768645985
2e6d5849-6620-6232-a850-6b826cf1b470,2e6d5849-6620-6232-a850-6b826cf1b470,40e6e571-24cd-4a0f-82fd-71c2b31664b7,KXBTC15M-26JAN170530-30,KXBTC15M-26JAN170530-30,no,sell,7,0.04,4,96,0.0400,0.9600,True,,2026-01-17T10:28:11.296358Z,1768645691
00de28e5-7226-5d9d-be55-85b61125806d,00de28e5-7226-5d9d-be55-85b61125806d,b054a6be-17c2-4670-816d-066ff90f721a,KXBTC15M-26JAN170530-30,KXBTC15M-26JAN170530-30,yes,buy,1,0.15,15,85,0.1500,0.8500,True,,2026-01-17T10:24:01.749687Z,1768645441
03d3cbd6-7e34-51f4-4e2d-c80f4f1f4de7,03d3cbd6-7e34-51f4-4e2d-c80f4f1f4de7,66b5cb23-5df9-44b5-b017-496426a1b3d6,KXBTC15M-26JAN170530-30,KXBTC15M-26JAN170530-30,yes,buy,1,0.16,16,84,0.1600,0.8400,True,,2026-01-17T10:23:52.380543Z,1768645432
d31a640d-bdb3-7268-30e2-7680409b31c8,d31a640d-bdb3-7268-30e2-7680409b31c8,50f076a7-3c7c-4fdd-a433-c03429f16392,KXBTC15M-26JAN170530-30,KXBTC15M-26JAN170530-30,yes,buy,2,0.15,15,85,0.1500,0.8500,True,,2026-01-17T10:23:40.130841Z,1768645420
75371141-f2cd-5fdb-ec44-7b85ba54ba01,75371141-f2cd-5fdb-ec44-7b85ba54ba01,7d0a0e09-223c-4609-9775-7cae8adc0838,KXBTC15M-26JAN170530-30,KXBTC15M-26JAN170530-30,yes,buy,1,0.19,19,81,0.1900,0.8100,True,,2026-01-17T10:23:31.840438Z,1768645411
819254f0-ec74-46f7-8aea-59d3fcdd7c3c,819254f0-ec74-46f7-8aea-59d3fcdd7c3c,35565775-4c2c-427e-8f3b-d0984d51ad46,KXBTC15M-26JAN170530-30,KXBTC15M-26JAN170530-30,yes,buy,1,0.21,21,79,0.2100,0.7900,True,,2026-01-17T10:23:23.472035Z,1768645403
97d448ba-c79d-6274-00eb-da0f21a79cec,97d448ba-c79d-6274-00eb-da0f21a79cec,8c2f764f-8062-4b3d-ac9f-a349278fd1e8,KXBTC15M-26JAN170530-30,KXBTC15M-26JAN170530-30,yes,buy,1,0.44,44,56,0.4400,0.5600,True,,2026-01-17T10:20:36.326752Z,1768645236
193e97c1-63e4-7b6f-6ed9-680c507be800,193e97c1-63e4-7b6f-6ed9-680c507be800,2460bc18-101a-4ebb-b6b1-a3c3c7721edd,KXBTC15M-26JAN170515-15,KXBTC15M-26JAN170515-15,no,buy,2,0.09,9,91,0.0900,0.9100,True,,2026-01-17T10:13:39.857072Z,1768644819
b7c37136-00ef-4e7d-eb07-6fc097f40368,b7c37136-00ef-4e7d-eb07-6fc097f40368,14f56c82-1ea6-4128-9608-9619c99816b5,KXBTC15M-26JAN170515-15,KXBTC15M-26JAN170515-15,no,sell,7,0.04,4,96,0.0400,0.9600,True,,2026-01-17T10:13:04.421268Z,1768644784
9a6c062f-d6e8-78d4-4cfb-6b8ef90906e8,9a6c062f-d6e8-78d4-4cfb-6b8ef90906e8,a34bc971-88a0-4d0f-b0f9-564fd7fc3560,KXBTC15M-26JAN170515-15,KXBTC15M-26JAN170515-15,yes,buy,1,0.31,31,69,0.3100,0.6900,True,,2026-01-17T10:06:19.381664Z,1768644379
051cf896-6086-5193-2066-3afaa2b371d6,051cf896-6086-5193-2066-3afaa2b371d6,c0fdba68-f415-44da-ad36-3a58bd5ee7d3,KXBTC15M-26JAN170515-15,KXBTC15M-26JAN170515-15,yes,buy,1,0.31,31,69,0.3100,0.6900,True,,2026-01-17T10:06:11.387243Z,1768644371
ad34949d-16ec-71b1-380d-b31467df2be4,ad34949d-16ec-71b1-380d-b31467df2be4,246543ef-b7a8-4f11-ab40-72638df67d11,KXBTC15M-26JAN170515-15,KXBTC15M-26JAN170515-15,yes,buy,1,0.32,32,68,0.3200,0.6800,True,,2026-01-17T10:06:04.343107Z,1768644364
53907c60-bb7a-456f-7076-0138e3847688,53907c60-bb7a-456f-7076-0138e3847688,02eca8a5-4226-4024-b1ed-0363ee374d6e,KXBTC15M-26JAN170515-15,KXBTC15M-26JAN170515-15,yes,buy,1,0.34,34,66,0.3400,0.6600,True,,2026-01-17T10:05:55.366659Z,1768644355
9df66574-ef42-73e7-13b6-003e60ac2748,9df66574-ef42-73e7-13b6-003e60ac2748,f1752ee0-5728-4d86-a91d-03224efd591e,KXBTC15M-26JAN170515-15,KXBTC15M-26JAN170515-15,yes,buy,1,0.34,34,66,0.3400,0.6600,True,,2026-01-17T10:05:46.31385Z,1768644346
6534572f-c46c-6e41-3b5e-d5fe5dc2ae2d,6534572f-c46c-6e41-3b5e-d5fe5dc2ae2d,7a179fc6-300d-4b24-a7ac-3b4390df28a6,KXBTC15M-26JAN170515-15,KXBTC15M-26JAN170515-15,yes,buy,1,0.3,30,70,0.3000,0.7000,True,,2026-01-17T10:05:26.914014Z,1768644326
2b714ee5-0516-41d5-7b74-60f20f63d8cf,2b714ee5-0516-41d5-7b74-60f20f63d8cf,a4e11da4-71f7-4073-bfd5-f6bfd1f4f8a8,KXBTC15M-26JAN170515-15,KXBTC15M-26JAN170515-15,yes,buy,1,0.27,27,73,0.2700,0.7300,True,,2026-01-17T10:01:14.248365Z,1768644074
adc0000c-a379-6756-cc4a-55b7566ba0c3,adc0000c-a379-6756-cc4a-55b7566ba0c3,6891913f-e5ae-4843-9d31-d2116d9374b1,KXBTC15M-26JAN170500-00,KXBTC15M-26JAN170500-00,no,buy,1,0.21,21,79,0.2100,0.7900,True,,2026-01-17T09:58:22.604825Z,1768643902
bfe71faf-346e-5ff2-75af-1700a451f4cb,bfe71faf-346e-5ff2-75af-1700a451f4cb,736bd051-cbd1-46de-bfcc-8f4068010ed7,KXBTC15M-26JAN170500-00,KXBTC15M-26JAN170500-00,yes,sell,1,0.7,70,30,0.7000,0.3000,True,,2026-01-17T09:57:03.710551Z,1768643823
1ae22809-83d9-6ff4-6810-99664b5095f2,1ae22809-83d9-6ff4-6810-99664b5095f2,038bc2e0-1783-4995-b47d-73c37c980b30,KXBTC15M-26JAN170500-00,KXBTC15M-26JAN170500-00,no,buy,1,0.64,64,36,0.6400,0.3600,True,,2026-01-17T09:49:33.014907Z,1768643373
cac032cb-de7d-53ec-c770-5450cf0d1642,cac032cb-de7d-53ec-c770-5450cf0d1642,7f211495-f503-45d9-9fb7-a4e33b27fe39,KXBTC15M-26JAN170500-00,KXBTC15M-26JAN170500-00,no,buy,1,0.62,62,38,0.6200,0.3800,True,,2026-01-17T09:49:25.6406Z,1768643365
22591cde-ada4-7882-b42c-c6d02bbfb912,22591cde-ada4-7882-b42c-c6d02bbfb912,61af40cf-3e55-4d85-8f45-116f2f116cfb,KXBTC15M-26JAN170500-00,KXBTC15M-26JAN170500-00,no,buy,1,0.63,63,37,0.6300,0.3700,True,,2026-01-17T09:49:13.427203Z,1768643353
c9d57684-781a-50f1-3b40-96e7d1ed285d,c9d57684-781a-50f1-3b40-96e7d1ed285d,8a685f3e-148a-4477-a2bc-b11784cbc9ae,KXBTC15M-26JAN170500-00,KXBTC15M-26JAN170500-00,no,buy,1,0.62,62,38,0.6200,0.3800,True,,2026-01-17T09:49:05.67842Z,1768643345
5cd63122-696e-6560-b0b9-f51140df6b4a,5cd63122-696e-6560-b0b9-f51140df6b4a,ca1b712c-5768-4a26-8c98-007f69d00f34,KXBTC15M-26JAN170500-00,KXBTC15M-26JAN170500-00,no,buy,1,0.57,57,43,0.5700,0.4300,True,,2026-01-17T09:48:48.556578Z,1768643328
d21b29f4-0fdd-5b4d-a78d-d8ad3149366c,d21b29f4-0fdd-5b4d-a78d-d8ad3149366c,55fa376a-3d5e-475d-8390-5da1b07284b5,KXBTC15M-26JAN170500-00,KXBTC15M-26JAN170500-00,no,buy,1,0.64,64,36,0.6400,0.3600,True,,2026-01-17T09:48:27.34874Z,1768643307
59420293-be65-4efa-70a1-7567f4839784,59420293-be65-4efa-70a1-7567f4839784,acb6231a-4109-40d3-be4e-b452cdb6e6dc,KXBTC15M-26JAN170500-00,KXBTC15M-26JAN170500-00,no,buy,1,0.63,63,37,0.6300,0.3700,True,,2026-01-17T09:48:18.208168Z,1768643298
897ed0ea-95cf-6b4d-c05d-a2bf58da8403,897ed0ea-95cf-6b4d-c05d-a2bf58da8403,0af962fb-7de1-4ad1-9aff-df50f757c8c0,KXBTC15M-26JAN170445-45,KXBTC15M-26JAN170445-45,no,buy,3,0.93,93,7,0.9300,0.0700,True,,2026-01-17T09:42:56.367089Z,1768642976
f3c72bea-a7d3-69f4-b4db-4602763b2e31,f3c72bea-a7d3-69f4-b4db-4602763b2e31,02dd2a60-a6ba-4a73-8d84-f1fed170e27b,KXBTC15M-26JAN170445-45,KXBTC15M-26JAN170445-45,no,buy,1,0.49,49,51,0.4900,0.5100,True,,2026-01-17T09:42:45.65476Z,1768642965
592c409d-e019-5603-9407-9243ab8f2557,592c409d-e019-5603-9407-9243ab8f2557,dcf2645a-a137-4626-8297-cee4d61e32b5,KXBTC15M-26JAN170445-45,KXBTC15M-26JAN170445-45,no,sell,2,0.4,40,60,0.4000,0.6000,True,,2026-01-17T09:42:20.319105Z,1768642940
2eb57137-ce37-5047-ab08-b35158fe056e,2eb57137-ce37-5047-ab08-b35158fe056e,dd1a4ab7-f80c-47e6-8519-82a74f82cbd4,KXBTC15M-26JAN170445-45,KXBTC15M-26JAN170445-45,no,sell,5,0.41,41,59,0.4100,0.5900,True,,2026-01-17T09:42:03.216594Z,1768642923
d8300eb3-d945-7c3a-263d-172ba1449396,d8300eb3-d945-7c3a-263d-172ba1449396,f478a6be-db10-4d00-a3d0-983c863adcd5,KXBTC15M-26JAN170445-45,KXBTC15M-26JAN170445-45,yes,buy,2,0.21,21,79,0.2100,0.7900,True,,2026-01-17T09:33:16.890206Z,1768642396
88afc51f-f777-447a-3e7c-f6e17584cdd7,88afc51f-f777-447a-3e7c-f6e17584cdd7,a54a9f61-404b-434f-a908-ce2957da5fdf,KXBTC15M-26JAN170445-45,KXBTC15M-26JAN170445-45,yes,buy,1,0.26,26,74,0.2600,0.7400,True,,2026-01-17T09:33:08.946208Z,1768642388
fd4d86ad-f539-5477-857b-33b35e003ed8,fd4d86ad-f539-5477-857b-33b35e003ed8,0ec2a1f2-ad3c-45de-8ca3-816d8f649c7f,KXBTC15M-26JAN170445-45,KXBTC15M-26JAN170445-45,yes,buy,1,0.26,26,74,0.2600,0.7400,True,,2026-01-17T09:33:00.065405Z,1768642380
b386f687-7f53-7f31-8398-51ab9a919eed,b386f687-7f53-7f31-8398-51ab9a919eed,1cb2fb9e-ead0-4e6f-8e79-8c98077748a0,KXBTC15M-26JAN170445-45,KXBTC15M-26JAN170445-45,yes,buy,1,0.31,31,69,0.3100,0.6900,True,,2026-01-17T09:32:47.9517Z,1768642367
58240698-75b5-40b2-45f8-2c8eaee20ad6,58240698-75b5-40b2-45f8-2c8eaee20ad6,f50ec6ec-08ea-43c3-bf7a-1eebf8572fec,KXBTC15M-26JAN170445-45,KXBTC15M-26JAN170445-45,yes,buy,1,0.31,31,69,0.3100,0.6900,True,,2026-01-17T09:32:37.580264Z,1768642357
46434f40-13b2-57e4-ad64-b6de1a882064,46434f40-13b2-57e4-ad64-b6de1a882064,2c7c54e2-cc7f-479c-8b9d-8dc46cd1fe41,KXBTC15M-26JAN170445-45,KXBTC15M-26JAN170445-45,yes,buy,1,0.31,31,69,0.3100,0.6900,True,,2026-01-17T09:32:30.638505Z,1768642350
34fb6802-451c-4509-41a5-815097e0b127,34fb6802-451c-4509-41a5-815097e0b127,51851c7c-48a3-421e-b31e-258a12bd0918,KXBTC15M-26JAN170430-30,KXBTC15M-26JAN170430-30,yes,buy,1,0.23,23,77,0.2300,0.7700,True,,2026-01-17T09:17:56.170931Z,1768641476
178bd254-076b-72fd-f7c0-c2ae1951c2a0,178bd254-076b-72fd-f7c0-c2ae1951c2a0,43df25c7-a535-4f9c-99b7-b7b4454c0f79,KXBTC15M-26JAN170430-30,KXBTC15M-26JAN170430-30,yes,buy,1,0.22,22,78,0.2200,0.7800,True,,2026-01-17T09:17:43.970119Z,1768641463
ed15a91a-38ca-513e-4d63-7c0cb1ce5f5e,ed15a91a-38ca-513e-4d63-7c0cb1ce5f5e,55655f6f-f5a0-4512-b488-458a780bcb39,KXBTC15M-26JAN170430-30,KXBTC15M-26JAN170430-30,yes,buy,1,0.19,19,81,0.1900,0.8100,True,,2026-01-17T09:17:36.302132Z,1768641456
95068455-79c3-6767-87a3-f3d455ccea44,95068455-79c3-6767-87a3-f3d455ccea44,98cab6da-5a65-48fd-8823-828d8124b207,KXBTC15M-26JAN170430-30,KXBTC15M-26JAN170430-30,yes,buy,2,0.19,19,81,0.1900,0.8100,True,,2026-01-17T09:17:29.23885Z,1768641449
da243e79-1659-471d-53a1-931a22067026,da243e79-1659-471d-53a1-931a22067026,d596c382-001b-418f-ba14-d4f2c96bc7b1,KXBTC15M-26JAN170430-30,KXBTC15M-26JAN170430-30,yes,buy,1,0.2,20,80,0.2000,0.8000,True,,2026-01-17T09:17:20.052798Z,1768641440
487b6cb0-7fac-41a7-db5d-885cd346361b,487b6cb0-7fac-41a7-db5d-885cd346361b,aad1ecf1-924a-4055-9faa-f263ab2c4484,KXBTC15M-26JAN170430-30,KXBTC15M-26JAN170430-30,yes,buy,1,0.21,21,79,0.2100,0.7900,True,,2026-01-17T09:17:10.943068Z,1768641430
5a5285ba-9f31-481d-8c85-979d89f55c8b,5a5285ba-9f31-481d-8c85-979d89f55c8b,ec0d52a3-8629-42ed-8408-f178ebbc8a05,KXBTC15M-26JAN170415-15,KXBTC15M-26JAN170415-15,yes,buy,1,0.45,45,55,0.4500,0.5500,True,,2026-01-17T09:05:04.237652Z,1768640704
a4e4cbb2-a45e-61e2-7871-ffb2f3db532e,a4e4cbb2-a45e-61e2-7871-ffb2f3db532e,1b1d7a9d-d962-4902-b0aa-eff6c4e93ab2,KXBTC15M-26JAN170415-15,KXBTC15M-26JAN170415-15,yes,buy,1,0.48,48,52,0.4800,0.5200,True,,2026-01-17T09:04:55.972442Z,1768640695
0c57abb1-e916-69b4-273e-ed6ccd8a5fbd,0c57abb1-e916-69b4-273e-ed6ccd8a5fbd,03fa6f04-46d0-4b18-a592-d3b7510dae16,KXBTC15M-26JAN170415-15,KXBTC15M-26JAN170415-15,yes,buy,1,0.48,48,52,0.4800,0.5200,True,,2026-01-17T09:04:48.454005Z,1768640688
26e21642-bc17-49c1-28b8-0a45cdc74a6c,26e21642-bc17-49c1-28b8-0a45cdc74a6c,439862a2-e84b-4110-a945-501ce6d0865d,KXBTC15M-26JAN170415-15,KXBTC15M-26JAN170415-15,yes,buy,1,0.49,49,51,0.4900,0.5100,True,,2026-01-17T09:04:40.152229Z,1768640680
a3a5c543-f3e7-6e41-b9b6-ae0c5fffd388,a3a5c543-f3e7-6e41-b9b6-ae0c5fffd388,62c99662-bbb7-48f0-8d06-f90e825ea024,KXBTC15M-26JAN170415-15,KXBTC15M-26JAN170415-15,yes,buy,1,0.49,49,51,0.4900,0.5100,True,,2026-01-17T09:04:30.361252Z,1768640670
f972fba3-31f6-65e0-dfd5-7204b2814df3,f972fba3-31f6-65e0-dfd5-7204b2814df3,3d534ddf-13d2-4985-93c4-fbc1fbdfd9ca,KXBTC15M-26JAN170415-15,KXBTC15M-26JAN170415-15,yes,buy,1,0.45,45,55,0.4500,0.5500,True,,2026-01-17T09:04:18.579306Z,1768640658
d9934d70-4796-4714-e7b7-92f46fa8075c,d9934d70-4796-4714-e7b7-92f46fa8075c,2bc3cf46-2294-4135-9b89-8d7f4c6fc626,KXBTC15M-26JAN170415-15,KXBTC15M-26JAN170415-15,yes,buy,1,0.45,45,55,0.4500,0.5500,True,,2026-01-17T09:04:06.521241Z,1768640646
128900d4-8fd2-5820-3ef7-ca2ab21de299,128900d4-8fd2-5820-3ef7-ca2ab21de299,6ee961f0-8ea5-47c0-a034-47caa64cc827,KXBTC15M-26JAN170400-00,KXBTC15M-26JAN170400-00,no,buy,1,0.79,79,21,0.7900,0.2100,True,,2026-01-17T08:50:45.515345Z,1768639845
ef6883a5-9e74-77bf-9a29-9af556d36f86,ef6883a5-9e74-77bf-9a29-9af556d36f86,79d46be8-0cc7-4f6e-85df-fff8a19ba8bc,KXBTC15M-26JAN170400-00,KXBTC15M-26JAN170400-00,no,buy,1,0.81,81,19,0.8100,0.1900,True,,2026-01-17T08:50:37.365741Z,1768639837
17ab4240-2593-5f41-9d45-a32a79aff696,17ab4240-2593-5f41-9d45-a32a79aff696,bd2ea5ab-979d-46e9-8141-716a2e0fa5b1,KXBTC15M-26JAN170400-00,KXBTC15M-26JAN170400-00,no,buy,1,0.8,80,20,0.8000,0.2000,True,,2026-01-17T08:49:28.954779Z,1768639768
71450a3a-7303-6778-4684-fe9a86304b30,71450a3a-7303-6778-4684-fe9a86304b30,f0ee2b73-d85d-494f-b91e-ad56cbb9f083,KXBTC15M-26JAN170400-00,KXBTC15M-26JAN170400-00,no,buy,1,0.81,81,19,0.8100,0.1900,True,,2026-01-17T08:49:19.033441Z,1768639759
111cb736-da35-4dc1-9b52-b2d8792496c3,111cb736-da35-4dc1-9b52-b2d8792496c3,5bca38aa-33ea-432f-8014-8920b4efcd58,KXBTC15M-26JAN170400-00,KXBTC15M-26JAN170400-00,no,buy,1,0.81,81,19,0.8100,0.1900,True,,2026-01-17T08:49:10.526098Z,1768639750
b7e3ad47-47b6-7912-26aa-bfb85abac68b,b7e3ad47-47b6-7912-26aa-bfb85abac68b,2b44a6a8-41e2-4c9e-ab5a-a452b6b9497d,KXBTC15M-26JAN170400-00,KXBTC15M-26JAN170400-00,no,buy,1,0.8,80,20,0.8000,0.2000,True,,2026-01-17T08:49:03.477706Z,1768639743
4427510b-8792-7350-a4df-757e33af35e3,4427510b-8792-7350-a4df-757e33af35e3,cb48f587-20a9-4dda-890c-464bd39ad7dd,KXBTC15M-26JAN170400-00,KXBTC15M-26JAN170400-00,no,buy,1,0.79,79,21,0.7900,0.2100,True,,2026-01-17T08:48:52.762816Z,1768639732
ec34f728-4399-5ad4-b7f1-9118229d3a0e,ec34f728-4399-5ad4-b7f1-9118229d3a0e,4c8a699b-bbd7-44a7-803c-a4264663e910,KXBTC15M-26JAN170345-45,KXBTC15M-26JAN170345-45,no,buy,1,0.64,64,36,0.6400,0.3600,True,,2026-01-17T08:36:07.309652Z,1768638967
533d72a1-8751-7668-3f0f-f053d87d4fe6,533d72a1-8751-7668-3f0f-f053d87d4fe6,634808f9-cae5-4f88-a203-3c74b8dbf46a,KXBTC15M-26JAN170345-45,KXBTC15M-26JAN170345-45,no,buy,1,0.64,64,36,0.6400,0.3600,True,,2026-01-17T08:35:59.030638Z,1768638959
7d770f26-002d-5f00-517d-242220af02e6,7d770f26-002d-5f00-517d-242220af02e6,a8da9798-2b3a-45d2-b99f-8968c6ef672a,KXBTC15M-26JAN170345-45,KXBTC15M-26JAN170345-45,no,buy,1,0.64,64,36,0.6400,0.3600,True,,2026-01-17T08:35:51.381614Z,1768638951
97666d39-1d99-67e8-8c24-ed695e0b1d86,97666d39-1d99-67e8-8c24-ed695e0b1d86,125ecf1f-ec57-4be8-8ec9-fb3a194660f2,KXBTC15M-26JAN170345-45,KXBTC15M-26JAN170345-45,no,buy,1,0.64,64,36,0.6400,0.3600,True,,2026-01-17T08:35:41.230846Z,1768638941
a75ffa2b-afed-695c-00c8-ee0cedbba23a,a75ffa2b-afed-695c-00c8-ee0cedbba23a,9e50aadb-40ca-4845-adf2-fbe375aa4f1d,KXBTC15M-26JAN170345-45,KXBTC15M-26JAN170345-45,no,buy,1,0.64,64,36,0.6400,0.3600,True,,2026-01-17T08:35:33.441335Z,1768638933
958d67ae-b10b-514d-5233-8f6dec20577a,958d67ae-b10b-514d-5233-8f6dec20577a,26b6b080-992d-47d3-bd26-7b2e3422bfc8,KXBTC15M-26JAN170345-45,KXBTC15M-26JAN170345-45,no,buy,1,0.65,65,35,0.6500,0.3500,True,,2026-01-17T08:32:23.309823Z,1768638743
16b43e5a-8037-4dcd-2d6b-2c3f6c3e5bd6,16b43e5a-8037-4dcd-2d6b-2c3f6c3e5bd6,bd268ebc-0613-4200-ac37-d05740886625,KXBTC15M-26JAN170345-45,KXBTC15M-26JAN170345-45,no,buy,1,0.66,66,34,0.6600,0.3400,True,,2026-01-17T08:31:23.216622Z,1768638683
0ee37323-caf9-7686-1b54-f30485cb16fd,0ee37323-caf9-7686-1b54-f30485cb16fd,5a824637-0a47-4c9d-a671-34c1d5f273d0,KXBTC15M-26JAN170330-30,KXBTC15M-26JAN170330-30,yes,buy,1,0.95,95,5,0.9500,0.0500,True,,2026-01-17T08:28:24.92387Z,1768638504
6783b6ed-43ac-65fb-d435-ba13a1aa6d6c,6783b6ed-43ac-65fb-d435-ba13a1aa6d6c,0740ef77-7227-4968-9247-3987f5e44dd5,KXBTC15M-26JAN170330-30,KXBTC15M-26JAN170330-30,yes,buy,2,0.92,92,8,0.9200,0.0800,True,,2026-01-17T08:28:15.235913Z,1768638495
39ab6079-5464-6103-4efe-30c416158c70,39ab6079-5464-6103-4efe-30c416158c70,d0cadad2-77d5-4856-b4f5-db32180bb592,KXBTC15M-26JAN170330-30,KXBTC15M-26JAN170330-30,yes,buy,2,0.92,92,8,0.9200,0.0800,True,,2026-01-17T08:28:07.994368Z,1768638487
adf3f915-3375-67e1-9c75-7f69da32b89c,adf3f915-3375-67e1-9c75-7f69da32b89c,8238937c-9258-4a13-8668-1d85c1238389,KXBTC15M-26JAN170330-30,KXBTC15M-26JAN170330-30,yes,buy,1,0.54,54,46,0.5400,0.4600,True,,2026-01-17T08:16:49.44784Z,1768637809
6769d0ee-52c0-47c9-0b15-75d89f4c9b1a,6769d0ee-52c0-47c9-0b15-75d89f4c9b1a,acf3fcbc-4d58-4055-ac27-975b360b5185,KXBTC15M-26JAN170315-15,KXBTC15M-26JAN170315-15,no,buy,1,0.65,65,35,0.6500,0.3500,True,,2026-01-17T08:04:37.073986Z,1768637077
3b56ead4-a6fa-548c-e0a0-44ab9caab32a,3b56ead4-a6fa-548c-e0a0-44ab9caab32a,0c278c75-7b84-4643-99bc-3bf8f942daad,KXBTC15M-26JAN170315-15,KXBTC15M-26JAN170315-15,no,buy,1,0.67,67,33,0.6700,0.3300,True,,2026-01-17T08:04:19.620094Z,1768637059
08c807bf-61ca-503b-890f-5ef11862574d,08c807bf-61ca-503b-890f-5ef11862574d,7d0d91bd-eb36-45b5-847f-a6718c82eb0d,KXBTC15M-26JAN170315-15,KXBTC15M-26JAN170315-15,no,buy,1,0.66,66,34,0.6600,0.3400,True,,2026-01-17T08:04:11.517315Z,1768637051
cbff87a0-3ae6-611d-cea4-49a0087c1d47,cbff87a0-3ae6-611d-cea4-49a0087c1d47,c4031272-7df7-4b08-9523-8eb812006fcc,KXBTC15M-26JAN170315-15,KXBTC15M-26JAN170315-15,no,buy,1,0.66,66,34,0.6600,0.3400,True,,2026-01-17T08:04:04.519993Z,1768637044
c5d5a2ee-002c-7b7e-07b9-aa946fe39613,c5d5a2ee-002c-7b7e-07b9-aa946fe39613,8a2da8fa-23ce-4cbd-a801-2ceb7f3ba7be,KXBTC15M-26JAN170315-15,KXBTC15M-26JAN170315-15,no,buy,1,0.53,53,47,0.5300,0.4700,True,,2026-01-17T08:03:32.617681Z,1768637012
608ea983-606b-78aa-4edc-008e35937501,608ea983-606b-78aa-4edc-008e35937501,8c4c2645-8281-4f58-bc39-dfa1c8f93535,KXBTC15M-26JAN170315-15,KXBTC15M-26JAN170315-15,no,buy,1,0.52,52,48,0.5200,0.4800,True,,2026-01-17T08:03:24.443527Z,1768637004
637fe693-14a0-7a71-54fb-9a32bf4599e7,637fe693-14a0-7a71-54fb-9a32bf4599e7,8f35a2e8-4afc-4fef-bc78-cb96e0735f93,KXBTC15M-26JAN170315-15,KXBTC15M-26JAN170315-15,no,buy,1,0.53,53,47,0.5300,0.4700,True,,2026-01-17T08:01:13.309753Z,1768636873
1cc1ca0d-04c0-59bd-3f0d-1008bcd7040a,1cc1ca0d-04c0-59bd-3f0d-1008bcd7040a,c0ca633b-d057-46c5-a788-974ed2c9b057,KXBTC15M-26JAN170300-00,KXBTC15M-26JAN170300-00,yes,buy,1,0.12,12,88,0.1200,0.8800,True,,2026-01-17T07:49:48.344511Z,1768636188
2203346f-8983-4a7e-17a0-b655ffbaa371,2203346f-8983-4a7e-17a0-b655ffbaa371,0a1f3da4-475b-4394-a58d-5da637484e04,KXBTC15M-26JAN170300-00,KXBTC15M-26JAN170300-00,yes,buy,1,0.12,12,88,0.1200,0.8800,True,,2026-01-17T07:49:39.447689Z,1768636179
84ba8976-9208-56ca-b368-a10c7fcb76de,84ba8976-9208-56ca-b368-a10c7fcb76de,4a94110e-8178-4564-8061-ebade2bfc8e6,KXBTC15M-26JAN170300-00,KXBTC15M-26JAN170300-00,yes,buy,1,0.14,14,86,0.1400,0.8600,True,,2026-01-17T07:48:39.034441Z,1768636119
492890e1-2dd9-74c6-6e84-1229a09bbead,492890e1-2dd9-74c6-6e84-1229a09bbead,afe06adb-ce3f-4d81-b545-1f05eb8e3eff,KXBTC15M-26JAN170300-00,KXBTC15M-26JAN170300-00,yes,buy,1,0.16,16,84,0.1600,0.8400,True,,2026-01-17T07:48:31.567419Z,1768636111
102bcffe-7e80-72fb-e678-20a9cb4ecfab,102bcffe-7e80-72fb-e678-20a9cb4ecfab,dd06ef3d-bcf5-4d09-9870-e1796c91b14d,KXBTC15M-26JAN170300-00,KXBTC15M-26JAN170300-00,yes,buy,1,0.17,17,83,0.1700,0.8300,True,,2026-01-17T07:48:22.799043Z,1768636102
1a751b50-5778-4117-963b-60c8b0ae39ac,1a751b50-5778-4117-963b-60c8b0ae39ac,18b01118-db2a-4046-8571-3822cc781bb8,KXBTC15M-26JAN170300-00,KXBTC15M-26JAN170300-00,yes,buy,1,0.18,18,82,0.1800,0.8200,True,,2026-01-17T07:48:14.201842Z,1768636094
a61d1c94-6a66-6af4-c00c-ae172c71435b,a61d1c94-6a66-6af4-c00c-ae172c71435b,af394fd5-b121-491e-9431-4a1dd17bd2da,KXBTC15M-26JAN170300-00,KXBTC15M-26JAN170300-00,yes,buy,1,0.18,18,82,0.1800,0.8200,True,,2026-01-17T07:47:55.225632Z,1768636075
dd980812-e36a-7eb8-26e4-eec4f2f90d5b,dd980812-e36a-7eb8-26e4-eec4f2f90d5b,fc49f612-0ba3-4f2a-acee-25358791d1d5,KXBTC15M-26JAN170245-45,KXBTC15M-26JAN170245-45,no,sell,7,0.03,3,97,0.0300,0.9700,True,,2026-01-17T07:43:09.558297Z,1768635789
d9371421-e738-5550-ab5c-72695f1bf2b4,d9371421-e738-5550-ab5c-72695f1bf2b4,c82523d2-0b3b-4758-8985-0299e6fdafff,KXBTC15M-26JAN170245-45,KXBTC15M-26JAN170245-45,yes,buy,1,0.25,25,75,0.2500,0.7500,True,,2026-01-17T07:35:37.459971Z,1768635337
1faf0ff1-9dbd-4eb8-9e8b-1c8462f6e1c6,1faf0ff1-9dbd-4eb8-9e8b-1c8462f6e1c6,3522fbf7-1503-4141-83bd-530eb97ac8f8,KXBTC15M-26JAN170245-45,KXBTC15M-26JAN170245-45,yes,buy,1,0.26,26,74,0.2600,0.7400,True,,2026-01-17T07:35:25.698932Z,1768635325
c0225072-29c6-5d0f-ca56-3381124bad97,c0225072-29c6-5d0f-ca56-3381124bad97,720aa280-1547-47a4-98db-4832259ad1c1,KXBTC15M-26JAN170245-45,KXBTC15M-26JAN170245-45,yes,buy,1,0.33,33,67,0.3300,0.6700,True,,2026-01-17T07:34:16.642166Z,1768635256
d4e749bc-1f75-4aa5-0329-07f352b1d21b,d4e749bc-1f75-4aa5-0329-07f352b1d21b,57e86ec2-919c-4252-a019-294c1c14976c,KXBTC15M-26JAN170245-45,KXBTC15M-26JAN170245-45,yes,buy,1,0.33,33,67,0.3300,0.6700,True,,2026-01-17T07:34:09.125317Z,1768635249
6694bb9c-681e-6f2d-be7b-d4119dacb497,6694bb9c-681e-6f2d-be7b-d4119dacb497,7e5df872-3f08-491f-82d6-5645ecf1c905,KXBTC15M-26JAN170245-45,KXBTC15M-26JAN170245-45,yes,buy,1,0.32,32,68,0.3200,0.6800,True,,2026-01-17T07:33:57.00072Z,1768635237
d3684cdd-0666-5209-98ad-5a032df643a7,d3684cdd-0666-5209-98ad-5a032df643a7,1322c5a2-6496-4656-8b63-f5c140e774c9,KXBTC15M-26JAN170245-45,KXBTC15M-26JAN170245-45,yes,buy,1,0.32,32,68,0.3200,0.6800,True,,2026-01-17T07:33:49.052531Z,1768635229
17174f76-3002-4a6d-2a85-2999910a5187,17174f76-3002-4a6d-2a85-2999910a5187,e23d0548-a90f-404f-a7e9-e927efd87041,KXBTC15M-26JAN170245-45,KXBTC15M-26JAN170245-45,yes,buy,1,0.32,32,68,0.3200,0.6800,True,,2026-01-17T07:33:39.832415Z,1768635219
47cd2292-8303-72dc-07f9-57f18420e7e2,47cd2292-8303-72dc-07f9-57f18420e7e2,510a4d7b-4b6e-4c6a-ab8d-23b9a8c4cf91,KXBTC15M-26JAN170230-30,KXBTC15M-26JAN170230-30,no,buy,2,0.64,64,36,0.6400,0.3600,True,,2026-01-17T07:20:06.600797Z,1768634406
b1c5ff74-656d-7ee6-df0f-6e95d89675b4,b1c5ff74-656d-7ee6-df0f-6e95d89675b4,ea4b7e9b-784a-4f48-9a4d-7af301d3af49,KXBTC15M-26JAN170230-30,KXBTC15M-26JAN170230-30,no,buy,1,0.65,65,35,0.6500,0.3500,True,,2026-01-17T07:19:56.076043Z,1768634396
26781080-046f-41ea-4b7a-f2ae12a72ccd,26781080-046f-41ea-4b7a-f2ae12a72ccd,74926c39-639c-41b6-b10d-d2db1de833f6,KXBTC15M-26JAN170230-30,KXBTC15M-26JAN170230-30,no,buy,1,0.67,67,33,0.6700,0.3300,True,,2026-01-17T07:19:25.987454Z,1768634365
e69e2ff3-ab24-6d96-c8a2-3c43cb928444,e69e2ff3-ab24-6d96-c8a2-3c43cb928444,6d4d352b-b1aa-4bb6-938f-8e46f8da7445,KXBTC15M-26JAN170230-30,KXBTC15M-26JAN170230-30,no,buy,1,0.69,69,31,0.6900,0.3100,True,,2026-01-17T07:17:20.80031Z,1768634240
f9d5f817-0106-4ba7-e3fb-cc76e8954ce6,f9d5f817-0106-4ba7-e3fb-cc76e8954ce6,b947b7a3-ecf5-41a1-9aee-2dfb25e2d784,KXBTC15M-26JAN170230-30,KXBTC15M-26JAN170230-30,no,buy,1,0.68,68,32,0.6800,0.3200,True,,2026-01-17T07:17:05.313102Z,1768634225
2cfe07b7-d969-7cb5-208b-0aefd715ae5d,2cfe07b7-d969-7cb5-208b-0aefd715ae5d,122679fd-e5ab-4d69-adb0-2cbeb86b4c85,KXBTC15M-26JAN170230-30,KXBTC15M-26JAN170230-30,no,buy,1,0.64,64,36,0.6400,0.3600,True,,2026-01-17T07:16:44.903674Z,1768634204
dcb57fe8-6734-6bf1-2c2e-32bc6ad8459a,dcb57fe8-6734-6bf1-2c2e-32bc6ad8459a,5808d836-62c2-4843-a0a5-279ea5de26b0,KXBTC15M-26JAN170215-15,KXBTC15M-26JAN170215-15,yes,buy,1,0.09,9,91,0.0900,0.9100,True,,2026-01-17T07:03:53.193265Z,1768633433
323336a4-86ad-7d77-7818-88433c1fb571,323336a4-86ad-7d77-7818-88433c1fb571,2fbb0fe3-99be-4d87-b5e2-8b21fd70a440,KXBTC15M-26JAN170215-15,KXBTC15M-26JAN170215-15,yes,buy,1,0.08,8,92,0.0800,0.9200,True,,2026-01-17T07:02:27.738104Z,1768633347
47e6e5ec-5197-4687-9f1d-c41b245fb371,47e6e5ec-5197-4687-9f1d-c41b245fb371,686c95f3-88d9-4134-8c69-a4a442fdeb2c,KXBTC15M-26JAN170215-15,KXBTC15M-26JAN170215-15,yes,buy,2,0.08,8,92,0.0800,0.9200,True,,2026-01-17T07:02:09.933582Z,1768633329
b9c1172e-67cd-624d-85f7-8ba74c833dac,b9c1172e-67cd-624d-85f7-8ba74c833dac,9c98d98b-82fb-4a7a-8d64-c72486d1652f,KXBTC15M-26JAN170215-15,KXBTC15M-26JAN170215-15,yes,buy,2,0.08,8,92,0.0800,0.9200,True,,2026-01-17T07:02:00.34457Z,1768633320
1691232d-aff8-798b-89e2-c6eae72af5c8,1691232d-aff8-798b-89e2-c6eae72af5c8,e0b1d4fd-ee9c-4f82-8c65-16998f33c166,KXBTC15M-26JAN170215-15,KXBTC15M-26JAN170215-15,yes,buy,1,0.12,12,88,0.1200,0.8800,True,,2026-01-17T07:01:51.54523Z,1768633311
0ead64b8-0ffd-61b8-161c-2a01266e994f,0ead64b8-0ffd-61b8-161c-2a01266e994f,b2f6dfa3-9779-4870-a3d7-18913306f3f0,KXBTC15M-26JAN170200-00,KXBTC15M-26JAN170200-00,no,sell,7,0.33,33,67,0.3300,0.6700,True,,2026-01-17T06:56:06.138437Z,1768632966
df294c8d-bc36-7035-5c63-92f7a6aa5bc3,df294c8d-bc36-7035-5c63-92f7a6aa5bc3,1f1952f7-6dd7-4c00-b6ff-51905bdff7d7,KXBTC15M-26JAN170200-00,KXBTC15M-26JAN170200-00,yes,buy,1,0.27,27,73,0.2700,0.7300,True,,2026-01-17T06:48:19.009215Z,1768632499
3ef9443b-3ea7-5425-13df-6b970e4e133f,3ef9443b-3ea7-5425-13df-6b970e4e133f,0a584d11-b6a1-4542-a72c-4ff914969c6e,KXBTC15M-26JAN170200-00,KXBTC15M-26JAN170200-00,yes,buy,1,0.21,21,79,0.2100,0.7900,True,,2026-01-17T06:48:01.924208Z,1768632481
5b0996c9-754e-574c-334a-6097e2a771a9,5b0996c9-754e-574c-334a-6097e2a771a9,6c0c161d-c3eb-47a6-abeb-be120092260b,KXBTC15M-26JAN170200-00,KXBTC15M-26JAN170200-00,yes,buy,1,0.23,23,77,0.2300,0.7700,True,,2026-01-17T06:47:54.265703Z,1768632474
0fe48cac-f2a7-67cb-6e17-3073338d2905,0fe48cac-f2a7-67cb-6e17-3073338d2905,b2169271-212e-49c3-b6e0-e958cc5e3cb0,KXBTC15M-26JAN170200-00,KXBTC15M-26JAN170200-00,yes,buy,1,0.23,23,77,0.2300,0.7700,True,,2026-01-17T06:47:37.51563Z,1768632457
3be89ac9-ce53-74ec-40c9-c779df41764d,3be89ac9-ce53-74ec-40c9-c779df41764d,31767d34-d984-4fb4-ba85-cc2539a052f2,KXBTC15M-26JAN170200-00,KXBTC15M-26JAN170200-00,yes,buy,1,0.23,23,77,0.2300,0.7700,True,,2026-01-17T06:47:20.549731Z,1768632440
509eaa9a-5c7c-4e48-1f4a-c5ed119471d2,509eaa9a-5c7c-4e48-1f4a-c5ed119471d2,bab2d6f5-6fa7-40bb-a39c-c0c52d14c1ec,KXBTC15M-26JAN170200-00,KXBTC15M-26JAN170200-00,yes,buy,1,0.2,20,80,0.2000,0.8000,True,,2026-01-17T06:47:08.043832Z,1768632428
93e12f3b-6d0d-6704-142f-6464a236ed4e,93e12f3b-6d0d-6704-142f-6464a236ed4e,01877f9e-06e2-483a-a6f5-7bc68a007ea6,KXBTC15M-26JAN170200-00,KXBTC15M-26JAN170200-00,yes,buy,1,0.2,20,80,0.2000,0.8000,True,,2026-01-17T06:46:59.691271Z,1768632419
08b73f6c-37f9-44ae-6ab4-f4cfd1f866b1,08b73f6c-37f9-44ae-6ab4-f4cfd1f866b1,8a1784b3-0c72-4189-b8d2-74980cff60b0,KXBTC15M-26JAN170145-45,KXBTC15M-26JAN170145-45,no,buy,1,0.8,80,20,0.8000,0.2000,True,,2026-01-17T06:33:58.593125Z,1768631638
45612b92-3e56-4bfc-eb6e-039ab63fd31f,45612b92-3e56-4bfc-eb6e-039ab63fd31f,e0e25ef2-ce65-42c6-9544-99df9131f55f,KXBTC15M-26JAN170145-45,KXBTC15M-26JAN170145-45,no,buy,1,0.79,79,21,0.7900,0.2100,True,,2026-01-17T06:33:50.235774Z,1768631630
308d2c4c-2a74-64f4-1816-796955c9d181,308d2c4c-2a74-64f4-1816-796955c9d181,74c0dbf7-2212-4bb8-af7a-58bcbde622dc,KXBTC15M-26JAN170145-45,KXBTC15M-26JAN170145-45,no,buy,1,0.8,80,20,0.8000,0.2000,True,,2026-01-17T06:33:37.719239Z,1768631617
d2d949ad-ca52-7c76-d042-5f38a6ddb4f5,d2d949ad-ca52-7c76-d042-5f38a6ddb4f5,6c3db003-7fcb-4cc2-941c-e6e8a6c17b7b,KXBTC15M-26JAN170145-45,KXBTC15M-26JAN170145-45,no,buy,1,0.79,79,21,0.7900,0.2100,True,,2026-01-17T06:33:29.808842Z,1768631609
716d889e-f5d2-70ed-1ff2-39a06a7dfee5,716d889e-f5d2-70ed-1ff2-39a06a7dfee5,65773c3b-3f8b-4e40-a69b-fde1fd8bcfbe,KXBTC15M-26JAN170145-45,KXBTC15M-26JAN170145-45,no,buy,1,0.78,78,22,0.7800,0.2200,True,,2026-01-17T06:33:21.803343Z,1768631601
5762e13d-abe3-760b-2c62-1a18a0232c28,5762e13d-abe3-760b-2c62-1a18a0232c28,e38350c8-ae9c-4d18-a909-92fc06403ba5,KXBTC15M-26JAN170145-45,KXBTC15M-26JAN170145-45,no,buy,1,0.79,79,21,0.7900,0.2100,True,,2026-01-17T06:32:35.545182Z,1768631555
08999a65-d3f0-74f3-4a49-fee7cc8b478d,08999a65-d3f0-74f3-4a49-fee7cc8b478d,27f4b0e0-b8e8-4e3b-b2ff-fc18a77dfa0d,KXBTC15M-26JAN170145-45,KXBTC15M-26JAN170145-45,no,buy,1,0.66,66,34,0.6600,0.3400,True,,2026-01-17T06:32:14.373856Z,1768631534
58c32b6c-b8d8-67c3-b09e-c5a198a8a041,58c32b6c-b8d8-67c3-b09e-c5a198a8a041,8a8cff4c-44fc-4980-8c0d-14a851d20891,KXBTC15M-26JAN170130-30,KXBTC15M-26JAN170130-30,no,buy,3,0.14,14,86,0.1400,0.8600,True,,2026-01-17T06:28:06.692654Z,1768631286
7d0ce223-053e-476b-9993-8c13102e1186,7d0ce223-053e-476b-9993-8c13102e1186,1bfbaef2-e38a-428b-8ef3-cbe1007559be,KXBTC15M-26JAN170130-30,KXBTC15M-26JAN170130-30,no,buy,1,0.42,42,58,0.4200,0.5800,True,,2026-01-17T06:16:31.482658Z,1768630591
f108b63c-9b02-7857-221b-d6fb0b28c9aa,f108b63c-9b02-7857-221b-d6fb0b28c9aa,03b93729-4978-4e52-a8f2-5863b96e60c8,KXBTC15M-26JAN170130-30,KXBTC15M-26JAN170130-30,no,buy,1,0.49,49,51,0.4900,0.5100,True,,2026-01-17T06:16:22.837177Z,1768630582
b0cbf719-f8ae-669f-b6ec-1be768b2d72a,b0cbf719-f8ae-669f-b6ec-1be768b2d72a,93c9e760-1193-49e0-8dcf-ab24a188e768,KXBTC15M-26JAN170130-30,KXBTC15M-26JAN170130-30,no,buy,1,0.49,49,51,0.4900,0.5100,True,,2026-01-17T06:16:12.817789Z,1768630572
85354759-63bd-61d1-e9d0-dd48136d80cc,85354759-63bd-61d1-e9d0-dd48136d80cc,77471b0c-2ac2-4865-9025-c4c3bc3f2b5d,KXBTC15M-26JAN170115-15,KXBTC15M-26JAN170115-15,yes,buy,1,0.13,13,87,0.1300,0.8700,True,,2026-01-17T06:04:31.764884Z,1768629871
3f73d7a6-c8df-4367-d4b1-bdb54172628c,3f73d7a6-c8df-4367-d4b1-bdb54172628c,577bfa8b-f12f-4351-9a01-5f444266b519,KXBTC15M-26JAN170115-15,KXBTC15M-26JAN170115-15,yes,buy,1,0.14,14,86,0.1400,0.8600,True,,2026-01-17T06:04:22.511451Z,1768629862
1f35f788-5ae3-486a-9f91-d6d5b4cd66ee,1f35f788-5ae3-486a-9f91-d6d5b4cd66ee,5829eaee-f481-43fd-852d-95f9948898e2,KXBTC15M-26JAN170115-15,KXBTC15M-26JAN170115-15,yes,buy,1,0.14,14,86,0.1400,0.8600,True,,2026-01-17T06:04:14.483183Z,1768629854
62d63969-1c5f-74c0-e43d-f6d62e53f2d4,62d63969-1c5f-74c0-e43d-f6d62e53f2d4,07979fef-efcf-4f82-9d39-96966514b947,KXBTC15M-26JAN170115-15,KXBTC15M-26JAN170115-15,yes,buy,1,0.11,11,89,0.1100,0.8900,True,,2026-01-17T06:03:52.159222Z,1768629832
884da6d1-4843-75c5-63da-7c3828c7eb91,884da6d1-4843-75c5-63da-7c3828c7eb91,cc9467b3-d5b2-4c5a-b2cd-58bb2a6a8250,KXBTC15M-26JAN170115-15,KXBTC15M-26JAN170115-15,yes,buy,1,0.09,9,91,0.0900,0.9100,True,,2026-01-17T06:03:39.678647Z,1768629819
6358d7c8-f060-6918-c334-59f60d6757e8,6358d7c8-f060-6918-c334-59f60d6757e8,55dd83a3-5990-4ad3-91dd-589b0b964832,KXBTC15M-26JAN170115-15,KXBTC15M-26JAN170115-15,yes,buy,1,0.12,12,88,0.1200,0.8800,True,,2026-01-17T06:03:27.221996Z,1768629807
c9530738-f961-729f-df76-4483100d9491,c9530738-f961-729f-df76-4483100d9491,10700c66-2049-4fec-9889-7c57f7909ca5,KXBTC15M-26JAN170115-15,KXBTC15M-26JAN170115-15,yes,buy,1,0.37,37,63,0.3700,0.6300,True,,2026-01-17T06:01:26.200611Z,1768629686
7948a50f-8792-65fa-ec50-637b3f7225e6,7948a50f-8792-65fa-ec50-637b3f7225e6,1f6af011-585f-49bf-9db2-d3bc621e3244,KXBTC15M-26JAN170100-00,KXBTC15M-26JAN170100-00,no,sell,5,0.04,4,96,0.0400,0.9600,True,,2026-01-17T05:58:10.206944Z,1768629490
1571c331-e31f-7a8c-2512-b2518a17ef34,1571c331-e31f-7a8c-2512-b2518a17ef34,0d63254f-05e8-4e81-a373-d1ea3c8c54e1,KXBTC15M-26JAN170100-00,KXBTC15M-26JAN170100-00,yes,buy,1,0.24,24,76,0.2400,0.7600,True,,2026-01-17T05:53:31.127642Z,1768629211
7ad927ff-3350-638c-14b5-55d4b8e75a0e,7ad927ff-3350-638c-14b5-55d4b8e75a0e,cc9b4765-6e44-48ac-ab30-0d623a0fb0d2,KXBTC15M-26JAN170100-00,KXBTC15M-26JAN170100-00,yes,buy,1,0.24,24,76,0.2400,0.7600,True,,2026-01-17T05:53:18.755074Z,1768629198
9d609d2f-6ff3-65f7-b754-1e9091957958,9d609d2f-6ff3-65f7-b754-1e9091957958,2244eae2-c8e4-4b51-8915-8719558e6980,KXBTC15M-26JAN170100-00,KXBTC15M-26JAN170100-00,yes,buy,1,0.24,24,76,0.2400,0.7600,True,,2026-01-17T05:52:59.431645Z,1768629179
d652e1a2-02ad-429d-7f5c-3873dc684ba5,d652e1a2-02ad-429d-7f5c-3873dc684ba5,e38d9dd0-886a-4274-b205-1742026be8fe,KXBTC15M-26JAN170100-00,KXBTC15M-26JAN170100-00,yes,buy,1,0.24,24,76,0.2400,0.7600,True,,2026-01-17T05:52:49.735003Z,1768629169
112987e2-fc22-7fff-fb5b-fce23e1404b3,112987e2-fc22-7fff-fb5b-fce23e1404b3,d94ac98b-40ae-4fed-911c-b4f8abedc43a,KXBTC15M-26JAN170100-00,KXBTC15M-26JAN170100-00,yes,buy,1,0.48,48,52,0.4800,0.5200,True,,2026-01-17T05:50:04.387314Z,1768629004
6b4a9452-f9e8-79e2-d333-b49f658010e8,6b4a9452-f9e8-79e2-d333-b49f658010e8,c0c9e1fb-5b36-4ce8-919c-28bdf878350c,KXBTC15M-26JAN170045-45,KXBTC15M-26JAN170045-45,no,buy,1,0.33,33,67,0.3300,0.6700,True,,2026-01-17T05:32:04.865956Z,1768627924
2c83be7d-9acf-7932-2be3-3e2635f5d467,2c83be7d-9acf-7932-2be3-3e2635f5d467,e6935413-f23f-4e90-a68d-9711fc589060,KXBTC15M-26JAN170045-45,KXBTC15M-26JAN170045-45,no,buy,1,0.31,31,69,0.3100,0.6900,True,,2026-01-17T05:31:54.737377Z,1768627914
21553f09-9cb8-4366-d671-bf4332e6a740,21553f09-9cb8-4366-d671-bf4332e6a740,401eba00-a1bb-4126-9c45-c667acd67620,KXBTC15M-26JAN170045-45,KXBTC15M-26JAN170045-45,no,buy,1,0.35,35,65,0.3500,0.6500,True,,2026-01-17T05:31:39.42488Z,1768627899
29f8137c-f4f9-49dc-79e5-1744d4672a57,29f8137c-f4f9-49dc-79e5-1744d4672a57,5ad95d4b-7891-42f0-b958-ec87a94ae528,KXBTC15M-26JAN170045-45,KXBTC15M-26JAN170045-45,no,buy,1,0.4,40,60,0.4000,0.6000,True,,2026-01-17T05:31:19.97315Z,1768627879
59a110a7-4cc5-650c-c50d-c5b67c78d00a,59a110a7-4cc5-650c-c50d-c5b67c78d00a,5b25979d-1de5-4b8f-954e-7540d85e4cb1,KXBTC15M-26JAN170045-45,KXBTC15M-26JAN170045-45,no,buy,1,0.41,41,59,0.4100,0.5900,True,,2026-01-17T05:31:03.416875Z,1768627863
215e6763-b22e-5521-90de-4f4f905a94ad,215e6763-b22e-5521-90de-4f4f905a94ad,4b1244ce-5434-4658-8a98-211acfee625a,KXBTC15M-26JAN170030-30,KXBTC15M-26JAN170030-30,no,buy,1,0.32,32,68,0.3200,0.6800,True,,2026-01-17T05:27:29.274984Z,1768627649
ef7e9bc7-b360-4531-1a03-d221a10270e8,ef7e9bc7-b360-4531-1a03-d221a10270e8,ccff6c49-7ae3-4206-a57b-357ffd0a5e13,KXBTC15M-26JAN170030-30,KXBTC15M-26JAN170030-30,no,buy,2,0.5,50,50,0.5000,0.5000,True,,2026-01-17T05:27:09.210507Z,1768627629
93cf782e-9304-74b1-62a5-91466687788c,93cf782e-9304-74b1-62a5-91466687788c,d3d314b3-32fa-4e66-bb52-a5a60ceb1c0a,KXBTC15M-26JAN170030-30,KXBTC15M-26JAN170030-30,no,buy,2,0.5,50,50,0.5000,0.5000,True,,2026-01-17T05:27:01.689516Z,1768627621
91aa3052-0611-68d1-fdca-d7cdf0bc3acd,91aa3052-0611-68d1-fdca-d7cdf0bc3acd,e050d233-d4af-48b0-9f73-93e520a79a9c,KXBTC15M-26JAN170030-30,KXBTC15M-26JAN170030-30,no,sell,5,0.5,50,50,0.5000,0.5000,True,,2026-01-17T05:27:01.571603Z,1768627621
7708894d-c6c6-7241-dd97-354717ea17a3,7708894d-c6c6-7241-dd97-354717ea17a3,cefef747-0471-4c33-99cc-ac97354f2a07,KXBTC15M-26JAN170030-30,KXBTC15M-26JAN170030-30,yes,buy,1,0.23,23,77,0.2300,0.7700,True,,2026-01-17T05:17:59.032109Z,1768627079
8032dc78-f025-6b0b-cf75-572ef9b6fc39,8032dc78-f025-6b0b-cf75-572ef9b6fc39,9f9df3e2-e141-4866-99fc-20abee00d06d,KXBTC15M-26JAN170030-30,KXBTC15M-26JAN170030-30,yes,buy,1,0.22,22,78,0.2200,0.7800,True,,2026-01-17T05:17:26.436963Z,1768627046
96b09a74-eb65-5e53-57fc-a4f6a98a1a21,96b09a74-eb65-5e53-57fc-a4f6a98a1a21,1a3d6261-e791-4530-bfde-5c5dfa0fe9eb,KXBTC15M-26JAN170030-30,KXBTC15M-26JAN170030-30,yes,buy,1,0.22,22,78,0.2200,0.7800,True,,2026-01-17T05:17:18.836762Z,1768627038
5a633084-1065-6d27-58d5-c0b5db0d85d9,5a633084-1065-6d27-58d5-c0b5db0d85d9,a90988dd-d951-49ed-bc14-054d26ae0e15,KXBTC15M-26JAN170030-30,KXBTC15M-26JAN170030-30,yes,buy,1,0.22,22,78,0.2200,0.7800,True,,2026-01-17T05:17:10.647848Z,1768627030
8b7e4b18-2351-69fb-66e0-8d0a0632ef8d,8b7e4b18-2351-69fb-66e0-8d0a0632ef8d,dd4ed63a-d59c-48da-b399-5622d1e1d480,KXBTC15M-26JAN170030-30,KXBTC15M-26JAN170030-30,yes,buy,1,0.22,22,78,0.2200,0.7800,True,,2026-01-17T05:17:03.277285Z,1768627023
eaad2a3c-ac8f-6eae-66cf-71a878c9f425,eaad2a3c-ac8f-6eae-66cf-71a878c9f425,e4d88e9a-51a7-490a-b7e2-afcc02113170,KXBTC15M-26JAN170015-15,KXBTC15M-26JAN170015-15,no,buy,1,0.69,69,31,0.6900,0.3100,True,,2026-01-17T05:02:20.225382Z,1768626140
b0d0410e-fe13-5168-90d4-e5d275d05cee,b0d0410e-fe13-5168-90d4-e5d275d05cee,d01d85d9-5fb0-44cc-8e29-fa1b4ddff8c9,KXBTC15M-26JAN170015-15,KXBTC15M-26JAN170015-15,no,buy,1,0.68,68,32,0.6800,0.3200,True,,2026-01-17T05:02:11.341518Z,1768626131
5c50635a-3d9a-6337-ce27-45fbc44231aa,5c50635a-3d9a-6337-ce27-45fbc44231aa,c5815c34-5719-4936-9ffe-fd55e1d77e3f,KXBTC15M-26JAN170015-15,KXBTC15M-26JAN170015-15,no,buy,1,0.69,69,31,0.6900,0.3100,True,,2026-01-17T05:02:04.027206Z,1768626124
46a65dff-3ddd-40c2-b9b0-2943e042275f,46a65dff-3ddd-40c2-b9b0-2943e042275f,9617eaf8-f0a2-43ff-8837-84f85c1fb4da,KXBTC15M-26JAN170015-15,KXBTC15M-26JAN170015-15,no,buy,1,0.75,75,25,0.7500,0.2500,True,,2026-01-17T05:01:51.381616Z,1768626111
7c954653-4816-66eb-36a0-5c18c506ab90,7c954653-4816-66eb-36a0-5c18c506ab90,a6112095-6b9f-4ab9-aa72-d8adf2fc8dee,KXBTC15M-26JAN170015-15,KXBTC15M-26JAN170015-15,no,buy,1,0.75,75,25,0.7500,0.2500,True,,2026-01-17T05:01:42.409843Z,1768626102
3465c756-2c30-6de3-a94f-8a4956c3a119,3465c756-2c30-6de3-a94f-8a4956c3a119,2fcec0c9-bca8-4a82-8ec3-436b3612e3d7,KXBTC15M-26JAN170000-00,KXBTC15M-26JAN170000-00,no,buy,1,0.7,70,30,0.7000,0.3000,True,,2026-01-17T04:46:56.274336Z,1768625216
04788da6-da2a-7619-e191-ff9db37e5934,04788da6-da2a-7619-e191-ff9db37e5934,e008f0b5-488c-4ee4-9e4c-b91c9e15cb06,KXBTC15M-26JAN170000-00,KXBTC15M-26JAN170000-00,no,buy,1,0.69,69,31,0.6900,0.3100,True,,2026-01-17T04:46:47.442894Z,1768625207
d5246288-36d2-688e-8001-e44d1b2998b1,d5246288-36d2-688e-8001-e44d1b2998b1,a1562a34-7959-49ee-88c9-747a47c84853,KXBTC15M-26JAN170000-00,KXBTC15M-26JAN170000-00,no,buy,1,0.66,66,34,0.6600,0.3400,True,,2026-01-17T04:46:27.085339Z,1768625187
ef89fc4d-3058-6bd0-a794-21e2b313c70d,ef89fc4d-3058-6bd0-a794-21e2b313c70d,00c22533-4b7b-4810-84b5-9e97251d0781,KXBTC15M-26JAN170000-00,KXBTC15M-26JAN170000-00,no,buy,1,0.65,65,35,0.6500,0.3500,True,,2026-01-17T04:46:19.203717Z,1768625179
f198357f-683c-76d4-56c9-e2bccafab299,f198357f-683c-76d4-56c9-e2bccafab299,0746577f-dd62-4f51-b8e2-ee40bb675ae4,KXBTC15M-26JAN170000-00,KXBTC15M-26JAN170000-00,no,buy,1,0.65,65,35,0.6500,0.3500,True,,2026-01-17T04:46:09.214685Z,1768625169
851b4633-1057-7cac-37ac-5f4de666ac90,851b4633-1057-7cac-37ac-5f4de666ac90,1f33d250-f3d4-4ed0-aa1c-f397b973eb2e,KXBTC15M-26JAN162345-45,KXBTC15M-26JAN162345-45,no,sell,5,0.03,3,97,0.0300,0.9700,True,,2026-01-17T04:43:22.022925Z,1768625002
46755b03-1e6a-420d-b473-46218e9a3fcb,46755b03-1e6a-420d-b473-46218e9a3fcb,0a77f296-844f-4022-8e3c-c8fc006ab576,KXBTC15M-26JAN162345-45,KXBTC15M-26JAN162345-45,yes,buy,1,0.18,18,82,0.1800,0.8200,True,,2026-01-17T04:36:06.463791Z,1768624566
8f7c2375-c0ea-4c3c-d651-76d9e7fe6122,8f7c2375-c0ea-4c3c-d651-76d9e7fe6122,99824932-8c51-4008-94e3-3c623445f2e0,KXBTC15M-26JAN162345-45,KXBTC15M-26JAN162345-45,yes,buy,1,0.18,18,82,0.1800,0.8200,True,,2026-01-17T04:35:58.206085Z,1768624558
bac61c98-44a9-7b39-40dc-d476beba9a20,bac61c98-44a9-7b39-40dc-d476beba9a20,aaabecd8-2ca8-4c5f-bdcc-eb6cfda9cc07,KXBTC15M-26JAN162345-45,KXBTC15M-26JAN162345-45,yes,buy,1,0.18,18,82,0.1800,0.8200,True,,2026-01-17T04:35:41.554006Z,1768624541
21a323ac-16c3-4980-f92f-2cbbe987180d,21a323ac-16c3-4980-f92f-2cbbe987180d,b8032aea-6e67-40d3-9be9-0bbcb7c03008,KXBTC15M-26JAN162345-45,KXBTC15M-26JAN162345-45,yes,buy,1,0.2,20,80,0.2000,0.8000,True,,2026-01-17T04:35:34.042346Z,1768624534
1b551b1c-e965-5cfa-48b8-d0ec6c8b09cc,1b551b1c-e965-5cfa-48b8-d0ec6c8b09cc,562f5ac7-e514-4425-b380-ae1201405acd,KXBTC15M-26JAN162345-45,KXBTC15M-26JAN162345-45,yes,buy,1,0.23,23,77,0.2300,0.7700,True,,2026-01-17T04:35:12.457351Z,1768624512
ce2f3693-b16a-4846-abad-243ceb51726f,ce2f3693-b16a-4846-abad-243ceb51726f,13517a5c-3039-4122-81db-d649ef30119e,KXBTC15M-26JAN162330-30,KXBTC15M-26JAN162330-30,no,sell,5,0.05,5,95,0.0500,0.9500,True,,2026-01-17T04:28:02.456172Z,1768624082
85de841d-7ddf-613d-dffb-403d69f9a35f,85de841d-7ddf-613d-dffb-403d69f9a35f,75fee8a5-5ab5-4b26-9ca3-2ad37f138821,KXBTC15M-26JAN162330-30,KXBTC15M-26JAN162330-30,yes,buy,1,0.23,23,77,0.2300,0.7700,True,,2026-01-17T04:16:39.017846Z,1768623399
9ddf4787-8c6c-4d67-7f13-b503a09ea801,9ddf4787-8c6c-4d67-7f13-b503a09ea801,0698d14d-0b27-42bf-bbaf-084a4efbe1cd,KXBTC15M-26JAN162330-30,KXBTC15M-26JAN162330-30,yes,buy,1,0.21,21,79,0.2100,0.7900,True,,2026-01-17T04:16:31.64564Z,1768623391
32810037-9fb4-5703-2f02-f616feeccfde,32810037-9fb4-5703-2f02-f616feeccfde,bca1564c-4802-44d1-a5c2-3334fad2dd56,KXBTC15M-26JAN162330-30,KXBTC15M-26JAN162330-30,yes,buy,2,0.2,20,80,0.2000,0.8000,True,,2026-01-17T04:16:19.353672Z,1768623379
bd5c84a0-f37b-5985-de78-248bf29faab5,bd5c84a0-f37b-5985-de78-248bf29faab5,8ccf78f9-bfca-442f-9a88-1b249b642998,KXBTC15M-26JAN162330-30,KXBTC15M-26JAN162330-30,yes,buy,1,0.21,21,79,0.2100,0.7900,True,,2026-01-17T04:16:08.873199Z,1768623368
26a6f1ad-784b-7027-ee3d-22c9e7c443b3,26a6f1ad-784b-7027-ee3d-22c9e7c443b3,da089669-eba8-4d3c-979e-dfddf0d97765,KXBTC15M-26JAN162315-15,KXBTC15M-26JAN162315-15,yes,buy,2,0.11,11,89,0.1100,0.8900,True,,2026-01-17T04:07:44.07595Z,1768622864
528b638e-86e8-53d3-57eb-8ffcc7e15d17,528b638e-86e8-53d3-57eb-8ffcc7e15d17,43598b4a-5819-44cd-bebc-77d2c9bf7b6c,KXBTC15M-26JAN162315-15,KXBTC15M-26JAN162315-15,yes,buy,1,0.13,13,87,0.1300,0.8700,True,,2026-01-17T04:07:28.80654Z,1768622848
c5c81d97-1282-5b66-cc8e-e4c839fd50a4,c5c81d97-1282-5b66-cc8e-e4c839fd50a4,bb332c0e-7cb7-4612-9c26-da6568f500d0,KXBTC15M-26JAN162315-15,KXBTC15M-26JAN162315-15,yes,buy,1,0.11,11,89,0.1100,0.8900,True,,2026-01-17T04:07:20.717539Z,1768622840
be493ea8-1637-5503-9d62-36906651175c,be493ea8-1637-5503-9d62-36906651175c,ff590fed-ad31-4699-8786-b064a5b6442b,KXBTC15M-26JAN162315-15,KXBTC15M-26JAN162315-15,yes,buy,1,0.12,12,88,0.1200,0.8800,True,,2026-01-17T04:07:12.995516Z,1768622832
3864ca08-ca99-47c7-d1ce-1142b5cc2e1d,3864ca08-ca99-47c7-d1ce-1142b5cc2e1d,ab3806ce-dff6-4265-97d8-f92c0e3274ab,KXBTC15M-26JAN162300-00,KXBTC15M-26JAN162300-00,no,buy,1,0.88,88,12,0.8800,0.1200,True,,2026-01-17T03:52:04.112921Z,1768621924
b9b3c55d-43d5-4ddb-db76-34cdfaec2755,b9b3c55d-43d5-4ddb-db76-34cdfaec2755,0b4dc51b-bda5-40e2-9576-f04fddfa76f9,KXBTC15M-26JAN162300-00,KXBTC15M-26JAN162300-00,no,buy,1,0.88,88,12,0.8800,0.1200,True,,2026-01-17T03:51:48.846472Z,1768621908
3c458960-9514-4fea-457c-610899ddf0f5,3c458960-9514-4fea-457c-610899ddf0f5,f16528f9-eb55-4002-b138-6d9ee3c08c33,KXBTC15M-26JAN162300-00,KXBTC15M-26JAN162300-00,no,buy,2,0.9,90,10,0.9000,0.1000,True,,2026-01-17T03:51:29.40667Z,1768621889
145bd54b-d810-7c8b-50d3-b3bc99982e2c,145bd54b-d810-7c8b-50d3-b3bc99982e2c,133882bf-9ef4-4c83-b553-caf73fa9131e,KXBTC15M-26JAN162300-00,KXBTC15M-26JAN162300-00,no,buy,1,0.48,48,52,0.4800,0.5200,True,,2026-01-17T03:47:04.363419Z,1768621624
09c1d71c-31e8-600b-ef67-a0994d3fbe69,09c1d71c-31e8-600b-ef67-a0994d3fbe69,03e0f207-87e6-4801-907c-b4963ea581e8,KXBTC15M-26JAN162245-45,KXBTC15M-26JAN162245-45,no,buy,1,0.42,42,58,0.4200,0.5800,True,,2026-01-17T03:32:10.166678Z,1768620730
ac2fb0b4-f547-4d77-f69d-5bd395ae55c7,ac2fb0b4-f547-4d77-f69d-5bd395ae55c7,fcd08416-dbe2-415c-9996-457776185a69,KXBTC15M-26JAN162245-45,KXBTC15M-26JAN162245-45,no,buy,1,0.43,43,57,0.4300,0.5700,True,,2026-01-17T03:31:59.956971Z,1768620719
56ab31f7-3520-7ae3-65eb-d86c263318ee,56ab31f7-3520-7ae3-65eb-d86c263318ee,aa32681e-e09d-4f04-bee1-d74fffa5a33b,KXBTC15M-26JAN162245-45,KXBTC15M-26JAN162245-45,no,buy,1,0.44,44,56,0.4400,0.5600,True,,2026-01-17T03:31:49.689521Z,1768620709
94fc8681-b872-730b-afc4-5d79bcec0697,94fc8681-b872-730b-afc4-5d79bcec0697,6d8689bb-b7ca-4c85-8ade-55049fd1be24,KXBTC15M-26JAN162245-45,KXBTC15M-26JAN162245-45,no,buy,2,0.52,52,48,0.5200,0.4800,True,,2026-01-17T03:31:39.316378Z,1768620699
4887c8f9-7f89-76dd-73b2-c8f0bcf5e9aa,4887c8f9-7f89-76dd-73b2-c8f0bcf5e9aa,bfa4ada3-d808-4f37-b920-16f4ffd67dd8,KXBTC15M-26JAN162230-30,KXBTC15M-26JAN162230-30,no,buy,1,0.44,44,56,0.4400,0.5600,True,,2026-01-17T03:17:30.434345Z,1768619850
6013c49f-dbd9-69e9-e7fa-829a4cd6a1dd,6013c49f-dbd9-69e9-e7fa-829a4cd6a1dd,c947ffe4-78f4-4a79-9aff-763657707186,KXBTC15M-26JAN162230-30,KXBTC15M-26JAN162230-30,no,buy,1,0.44,44,56,0.4400,0.5600,True,,2026-01-17T03:17:22.176874Z,1768619842
4f7a7bed-05e2-4c0f-aa63-888534624d2f,4f7a7bed-05e2-4c0f-aa63-888534624d2f,e388c57c-3f44-4338-88fe-92e297507458,KXBTC15M-26JAN162215-15,KXBTC15M-26JAN162215-15,yes,buy,1,0.17,17,83,0.1700,0.8300,True,,2026-01-17T03:04:48.293976Z,1768619088
aa6533a0-ec73-43e7-310d-8f2946e1af8c,aa6533a0-ec73-43e7-310d-8f2946e1af8c,e9381366-0d4e-423e-aef3-d0bdef589078,KXBTC15M-26JAN162215-15,KXBTC15M-26JAN162215-15,yes,buy,1,0.17,17,83,0.1700,0.8300,True,,2026-01-17T03:04:30.132555Z,1768619070
72030840-5482-5267-442b-e32b299837af,72030840-5482-5267-442b-e32b299837af,aec8c376-fea0-44ed-b354-4e48259a0a3a,KXBTC15M-26JAN162215-15,KXBTC15M-26JAN162215-15,yes,buy,1,0.17,17,83,0.1700,0.8300,True,,2026-01-17T03:04:22.271673Z,1768619062
8640b90b-034d-6f2a-f018-e0d9484dbd09,8640b90b-034d-6f2a-f018-e0d9484dbd09,ddd309eb-34e2-4a57-9496-d501c65bd714,KXBTC15M-26JAN162215-15,KXBTC15M-26JAN162215-15,yes,buy,1,0.17,17,83,0.1700,0.8300,True,,2026-01-17T03:04:14.0471Z,1768619054
b01fc976-f08f-5935-fc27-5ba8c45c1d5a,b01fc976-f08f-5935-fc27-5ba8c45c1d5a,da3a0981-b861-47a8-9b4e-8f55b0604965,KXBTC15M-26JAN162215-15,KXBTC15M-26JAN162215-15,yes,buy,1,0.21,21,79,0.2100,0.7900,True,,2026-01-17T03:03:44.589435Z,1768619024
2c9236f2-d29a-7dcf-1152-cf4db193756a,2c9236f2-d29a-7dcf-1152-cf4db193756a,a34a3642-1cfc-4ceb-a6ac-e246847c38ab,KXBTC15M-26JAN162200-00,KXBTC15M-26JAN162200-00,yes,buy,1,0.3,30,70,0.3000,0.7000,True,,2026-01-17T02:46:49.712025Z,1768618009
fe1338f1-9935-540a-c11d-d30a6d181207,fe1338f1-9935-540a-c11d-d30a6d181207,020c4230-8a1e-473d-972d-65e0eca4e952,KXBTC15M-26JAN162145-45,KXBTC15M-26JAN162145-45,yes,sell,2,0.92,92,8,0.9200,0.0800,True,,2026-01-17T02:43:21.10382Z,1768617801
77e81d06-b353-7beb-830d-7c2c66a764cb,77e81d06-b353-7beb-830d-7c2c66a764cb,3d268c39-44d5-4def-8982-691f7ece53c4,KXBTC15M-26JAN162145-45,KXBTC15M-26JAN162145-45,yes,sell,3,0.9,90,10,0.9000,0.1000,True,,2026-01-17T02:43:09.18302Z,1768617789
1bc1917a-993f-61d4-cf4b-5bf3d8327658,1bc1917a-993f-61d4-cf4b-5bf3d8327658,51201f6a-cef5-495f-9a8a-3a01d33e7514,KXBTC15M-26JAN162145-45,KXBTC15M-26JAN162145-45,no,buy,1,0.85,85,15,0.8500,0.1500,True,,2026-01-17T02:40:14.276985Z,1768617614
b727eb9b-5c98-7eda-5821-59c7c167f31a,b727eb9b-5c98-7eda-5821-59c7c167f31a,cf84d313-dd90-4ee9-bdcb-b16a5e7d8226,KXBTC15M-26JAN162145-45,KXBTC15M-26JAN162145-45,no,buy,1,0.7,70,30,0.7000,0.3000,True,,2026-01-17T02:39:47.92354Z,1768617587
110e9117-dfc4-7166-9037-b6bc7eefa757,110e9117-dfc4-7166-9037-b6bc7eefa757,a2ade49f-7492-4efc-8f2c-a4bd724e50a9,KXBTC15M-26JAN162145-45,KXBTC15M-26JAN162145-45,no,buy,1,0.69,69,31,0.6900,0.3100,True,,2026-01-17T02:39:38.313812Z,1768617578
fdc60190-7546-6f10-15a3-6c2c3fc8bb78,fdc60190-7546-6f10-15a3-6c2c3fc8bb78,b5367cd8-f405-49a8-a57f-1b09ce21b56e,KXBTC15M-26JAN162145-45,KXBTC15M-26JAN162145-45,no,buy,1,0.3,30,70,0.3000,0.7000,True,,2026-01-17T02:31:23.76422Z,1768617083
11de82f6-fb2a-51b9-8c7e-9fa1447f9a52,11de82f6-fb2a-51b9-8c7e-9fa1447f9a52,9dc665f7-373c-44e2-84e6-320b5d228465,KXBTC15M-26JAN162145-45,KXBTC15M-26JAN162145-45,no,buy,1,0.41,41,59,0.4100,0.5900,True,,2026-01-17T02:31:07.246763Z,1768617067
8b75bfe3-3ca3-5421-24b0-cbc50e74cdec,8b75bfe3-3ca3-5421-24b0-cbc50e74cdec,6d9ed148-4e67-448c-a4d2-d3d8fbe4d1f5,KXBTC15M-26JAN162130-30,KXBTC15M-26JAN162130-30,no,buy,1,0.53,53,47,0.5300,0.4700,True,,2026-01-17T02:18:13.39128Z,1768616293
65786eac-a46a-72c9-1264-6b86d1f0567d,65786eac-a46a-72c9-1264-6b86d1f0567d,019e3c22-f25e-4ec4-ab2d-877c68d5b849,KXBTC15M-26JAN162130-30,KXBTC15M-26JAN162130-30,no,buy,1,0.47,47,53,0.4700,0.5300,True,,2026-01-17T02:16:57.323275Z,1768616217
eaaee66e-4c9e-482d-4ae1-bdf457b9ac8d,eaaee66e-4c9e-482d-4ae1-bdf457b9ac8d,626b9e12-4863-407d-bd0c-f2e0c947c6f5,KXBTC15M-26JAN162130-30,KXBTC15M-26JAN162130-30,no,buy,1,0.47,47,53,0.4700,0.5300,True,,2026-01-17T02:16:48.993795Z,1768616208
1c940537-320c-6bc3-ea1d-5c5bb472c035,1c940537-320c-6bc3-ea1d-5c5bb472c035,896b6dfb-9073-48bd-9686-89c64ac555d5,KXBTC15M-26JAN162130-30,KXBTC15M-26JAN162130-30,no,buy,1,0.46,46,54,0.4600,0.5400,True,,2026-01-17T02:16:38.797111Z,1768616198
85863d9a-c300-6ca5-58eb-c0e70bc2a444,85863d9a-c300-6ca5-58eb-c0e70bc2a444,0ea53f22-64d4-4b33-b245-6fe469e1094c,KXBTC15M-26JAN162130-30,KXBTC15M-26JAN162130-30,no,buy,1,0.45,45,55,0.4500,0.5500,True,,2026-01-17T02:16:16.914027Z,1768616176
6e7be619-9471-5b1c-bddd-1050f851a31a,6e7be619-9471-5b1c-bddd-1050f851a31a,904331f2-2f5a-46c8-8fa4-28247d837e79,KXBTC15M-26JAN162115-15,KXBTC15M-26JAN162115-15,no,buy,1,0.3,30,70,0.3000,0.7000,True,,2026-01-17T02:03:49.616448Z,1768615429
4989adb7-5574-6232-5b17-a1b6d55f9422,4989adb7-5574-6232-5b17-a1b6d55f9422,6a95eb20-2def-4b67-b7b1-70dfd809c2aa,KXBTC15M-26JAN162115-15,KXBTC15M-26JAN162115-15,no,buy,1,0.4,40,60,0.4000,0.6000,True,,2026-01-17T02:02:09.63368Z,1768615329
d6e5dafb-0258-6c81-b04f-903ef67ddbb1,d6e5dafb-0258-6c81-b04f-903ef67ddbb1,39fc3b28-04eb-48a5-857e-5607afd2994f,KXBTC15M-26JAN162115-15,KXBTC15M-26JAN162115-15,no,buy,2,0.5,50,50,0.5000,0.5000,True,,2026-01-17T02:01:59.435974Z,1768615319
d53d9781-b688-5199-96fb-95f5c276b6c5,d53d9781-b688-5199-96fb-95f5c276b6c5,f90a2876-a9df-47e3-8cd3-577562d04212,KXBTC15M-26JAN162115-15,KXBTC15M-26JAN162115-15,no,buy,1,0.5,50,50,0.5000,0.5000,True,,2026-01-17T02:01:47.336667Z,1768615307
bf89acf3-ac7a-536c-02c8-c1908ea6d3db,bf89acf3-ac7a-536c-02c8-c1908ea6d3db,5fa92187-0519-47d7-ac52-292476b6c6fa,KXBTC15M-26JAN162100-00,KXBTC15M-26JAN162100-00,yes,sell,5,0.08,8,92,0.0800,0.9200,True,,2026-01-17T01:58:52.23593Z,1768615132
92863926-f4a8-4daa-0d79-a843b0b968dd,92863926-f4a8-4daa-0d79-a843b0b968dd,35f15c00-36ba-40a7-a391-fa89d02d6225,KXBTC15M-26JAN162100-00,KXBTC15M-26JAN162100-00,no,buy,1,0.68,68,32,0.6800,0.3200,True,,2026-01-17T01:49:43.729598Z,1768614583
44391dbc-f01c-5472-836e-fb8bfbd44885,44391dbc-f01c-5472-836e-fb8bfbd44885,c05e9526-b797-46d1-8014-2e7bc2f62a33,KXBTC15M-26JAN162100-00,KXBTC15M-26JAN162100-00,no,buy,1,0.68,68,32,0.6800,0.3200,True,,2026-01-17T01:49:34.306637Z,1768614574
5a4c9ebc-d6f2-4a13-1118-d8f24b20df70,5a4c9ebc-d6f2-4a13-1118-d8f24b20df70,5e0a7646-4f4c-41e9-aed2-df1eb594b2b8,KXBTC15M-26JAN162100-00,KXBTC15M-26JAN162100-00,no,buy,1,0.62,62,38,0.6200,0.3800,True,,2026-01-17T01:48:47.28254Z,1768614527
8052a4a8-a541-797c-f4dc-6d618c457cba,8052a4a8-a541-797c-f4dc-6d618c457cba,3ad04df3-44e2-4e8d-9307-fe6d576965c5,KXBTC15M-26JAN162100-00,KXBTC15M-26JAN162100-00,no,buy,1,0.5,50,50,0.5000,0.5000,True,,2026-01-17T01:46:18.109633Z,1768614378
c71b34d1-6b2d-5c74-1dda-6b4ec2a9aab6,c71b34d1-6b2d-5c74-1dda-6b4ec2a9aab6,ab0229ed-3779-47cf-a946-7fe684d25046,KXBTC15M-26JAN162100-00,KXBTC15M-26JAN162100-00,no,buy,1,0.5,50,50,0.5000,0.5000,True,,2026-01-17T01:46:07.048027Z,1768614367
ff1d5e7e-f00b-726b-fd91-cdec2be0275e,ff1d5e7e-f00b-726b-fd91-cdec2be0275e,c939a70b-4cc8-4ef9-95d5-54b224102f53,KXBTC15M-26JAN162045-45,KXBTC15M-26JAN162045-45,no,buy,1,0.55,55,45,0.5500,0.4500,True,,2026-01-17T01:36:38.838732Z,1768613798
ea266c5a-5355-464f-da9b-57e8ed758962,ea266c5a-5355-464f-da9b-57e8ed758962,de16010d-7cc3-40d2-9c0a-998b78ba2e85,KXBTC15M-26JAN162045-45,KXBTC15M-26JAN162045-45,no,buy,1,0.64,64,36,0.6400,0.3600,True,,2026-01-17T01:36:26.528412Z,1768613786
fb92e966-7881-7d96-f1e9-a5a2fdd0fe34,fb92e966-7881-7d96-f1e9-a5a2fdd0fe34,c102a146-2fb8-4fd4-9b93-ecc4e98de24f,KXBTC15M-26JAN162030-30,KXBTC15M-26JAN162030-30,yes,buy,2,0.9,90,10,0.9000,0.1000,True,,2026-01-17T01:28:18.150183Z,1768613298
22afa14f-af49-4088-d40c-cb761c787ef0,22afa14f-af49-4088-d40c-cb761c787ef0,4c716c28-78c1-404c-9bef-c56d8c3fc9ad,KXBTC15M-26JAN162030-30,KXBTC15M-26JAN162030-30,yes,sell,5,0.88,88,12,0.8800,0.1200,True,,2026-01-17T01:28:09.118809Z,1768613289
c083d0ce-7126-537e-cc66-9f3cbe2f6e0d,c083d0ce-7126-537e-cc66-9f3cbe2f6e0d,e42b497c-f794-4560-94ec-0c0fc080b083,KXBTC15M-26JAN162030-30,KXBTC15M-26JAN162030-30,no,buy,1,0.82,82,18,0.8200,0.1800,True,,2026-01-17T01:21:28.148621Z,1768612888
01fa2b18-dbb0-7227-3a6d-dc9fbc235a72,01fa2b18-dbb0-7227-3a6d-dc9fbc235a72,46ea3bd3-1c1c-4fb8-a1c4-1b73e70f5c8b,KXBTC15M-26JAN162030-30,KXBTC15M-26JAN162030-30,no,buy,1,0.81,81,19,0.8100,0.1900,True,,2026-01-17T01:21:19.210802Z,1768612879
8c4579ae-07bc-7a6e-8719-c4baba67b480,8c4579ae-07bc-7a6e-8719-c4baba67b480,59a739ce-8387-4ca3-8483-ffa6179638ab,KXBTC15M-26JAN162030-30,KXBTC15M-26JAN162030-30,no,buy,1,0.68,68,32,0.6800,0.3200,True,,2026-01-17T01:20:26.575448Z,1768612826
a12ad168-e34e-5173-c692-f67eb759aa14,a12ad168-e34e-5173-c692-f67eb759aa14,f185609f-399a-47f1-9904-aad81a7ea35d,KXBTC15M-26JAN162030-30,KXBTC15M-26JAN162030-30,no,buy,1,0.67,67,33,0.6700,0.3300,True,,2026-01-17T01:20:18.639505Z,1768612818
5289d2d9-36fb-5366-8f11-a15e1c99568a,5289d2d9-36fb-5366-8f11-a15e1c99568a,3f105a94-1b6d-45b3-8bc3-d072968ebb25,KXBTC15M-26JAN162030-30,KXBTC15M-26JAN162030-30,no,buy,1,0.66,66,34,0.6600,0.3400,True,,2026-01-17T01:19:00.204613Z,1768612740
06b86db0-4fde-6313-55df-e71ad9455ae2,06b86db0-4fde-6313-55df-e71ad9455ae2,01bacc41-f08d-4b66-bd1c-9e57c7c957ea,KXBTC15M-26JAN162015-15,KXBTC15M-26JAN162015-15,no,buy,1,0.63,63,37,0.6300,0.3700,True,,2026-01-17T01:05:08.587264Z,1768611908
d2fb26ea-8d61-7779-2d6d-a48c239fe1cf,d2fb26ea-8d61-7779-2d6d-a48c239fe1cf,580ee873-46a0-4cd3-ad40-469fc024019a,KXBTC15M-26JAN162015-15,KXBTC15M-26JAN162015-15,no,buy,1,0.65,65,35,0.6500,0.3500,True,,2026-01-17T01:04:59.349222Z,1768611899
110cdae7-7f59-517d-659c-bcee8fed65a2,110cdae7-7f59-517d-659c-bcee8fed65a2,c8458fef-e482-47ee-b5c9-f3bb77cef655,KXBTC15M-26JAN162015-15,KXBTC15M-26JAN162015-15,no,buy,1,0.69,69,31,0.6900,0.3100,True,,2026-01-17T01:04:46.95089Z,1768611886
292efe1e-9629-7edd-bac6-ebc23666428f,292efe1e-9629-7edd-bac6-ebc23666428f,a6fb9e4e-4072-4eba-88aa-954c455a694a,KXBTC15M-26JAN162015-15,KXBTC15M-26JAN162015-15,no,buy,1,0.65,65,35,0.6500,0.3500,True,,2026-01-17T01:04:36.494834Z,1768611876
4ae93fdc-450c-47f2-74dc-96ac07d9dbd6,4ae93fdc-450c-47f2-74dc-96ac07d9dbd6,d8badb7e-a47a-4241-bdf7-68c7d43e64bf,KXBTC15M-26JAN162015-15,KXBTC15M-26JAN162015-15,no,buy,1,0.65,65,35,0.6500,0.3500,True,,2026-01-17T01:02:39.147638Z,1768611759
20222af2-e3ad-68a8-09a6-696494886578,20222af2-e3ad-68a8-09a6-696494886578,3b1286f7-c161-4848-a262-387cefc54050,KXBTC15M-26JAN162000-00,KXBTC15M-26JAN162000-00,no,buy,2,0.07,7,93,0.0700,0.9300,True,,2026-01-17T00:58:59.091314Z,1768611539
57a7267b-7024-5411-564a-718298b281d0,57a7267b-7024-5411-564a-718298b281d0,b0f6a99f-57c4-46fc-b5dc-006c78748b36,KXBTC15M-26JAN162000-00,KXBTC15M-26JAN162000-00,no,sell,1,0.1,10,90,0.1000,0.9000,True,,2026-01-17T00:58:41.856821Z,1768611521
8c9cedea-d733-6fd4-b8c5-dfda450dafe1,8c9cedea-d733-6fd4-b8c5-dfda450dafe1,4f72d273-4e87-4a3f-8837-3a49de8a617d,KXBTC15M-26JAN162000-00,KXBTC15M-26JAN162000-00,no,sell,1,0.14,14,86,0.1400,0.8600,True,,2026-01-17T00:58:34.647349Z,1768611514
72035b79-0ed1-4f5a-03ab-bb87d9599c1a,72035b79-0ed1-4f5a-03ab-bb87d9599c1a,b2d797e5-94ef-4208-a5f9-c5a2b993828a,KXBTC15M-26JAN162000-00,KXBTC15M-26JAN162000-00,no,sell,1,0.16,16,84,0.1600,0.8400,True,,2026-01-17T00:58:25.111051Z,1768611505
d5a837c2-5341-58af-ee9e-fb1980ca1f22,d5a837c2-5341-58af-ee9e-fb1980ca1f22,84a4ce83-532b-44dd-992e-49acf6f084fa,KXBTC15M-26JAN162000-00,KXBTC15M-26JAN162000-00,no,sell,1,0.21,21,79,0.2100,0.7900,True,,2026-01-17T00:58:17.526058Z,1768611497
1f1ebd3e-f6b7-660e-f0fd-5ecfc16ac77c,1f1ebd3e-f6b7-660e-f0fd-5ecfc16ac77c,c159ebcb-b308-4b26-9ad4-77ce4f8bec4b,KXBTC15M-26JAN162000-00,KXBTC15M-26JAN162000-00,no,sell,1,0.26,26,74,0.2600,0.7400,True,,2026-01-17T00:58:07.25615Z,1768611487
0b6292d1-0e05-6409-6b93-b09fb277a3ff,0b6292d1-0e05-6409-6b93-b09fb277a3ff,f3d33621-b050-48d1-bb87-ebf37e1ce46c,KXBTC15M-26JAN162000-00,KXBTC15M-26JAN162000-00,yes,buy,1,0.26,26,74,0.2600,0.7400,True,,2026-01-17T00:51:39.361549Z,1768611099
3a7fd204-4c00-4485-a579-e0956818abe6,3a7fd204-4c00-4485-a579-e0956818abe6,3ce6b0b6-aecd-4341-86ff-f27745191f03,KXBTC15M-26JAN162000-00,KXBTC15M-26JAN162000-00,yes,buy,2,0.17,17,83,0.1700,0.8300,True,,2026-01-17T00:51:30.547704Z,1768611090
75f095c4-31d7-58bb-1393-e33aa5f677eb,75f095c4-31d7-58bb-1393-e33aa5f677eb,bf2a3481-85dd-4413-a6d0-6780632655e8,KXBTC15M-26JAN162000-00,KXBTC15M-26JAN162000-00,yes,buy,1,0.35,35,65,0.3500,0.6500,True,,2026-01-17T00:47:17.011881Z,1768610837
ff7c01bd-ab37-6631-c749-1e376f30d99e,ff7c01bd-ab37-6631-c749-1e376f30d99e,44f4fa9b-994b-4b5a-9c33-a024c3e0a34c,KXBTC15M-26JAN162000-00,KXBTC15M-26JAN162000-00,yes,buy,1,0.36,36,64,0.3600,0.6400,True,,2026-01-17T00:46:15.185285Z,1768610775
743953e4-2304-7fd3-66c0-bbdf5747a8bf,743953e4-2304-7fd3-66c0-bbdf5747a8bf,6173047f-787b-4ea7-b4c0-443857735d38,KXBTC15M-26JAN161945-45,KXBTC15M-26JAN161945-45,yes,sell,5,0.8,80,20,0.8000,0.2000,True,,2026-01-17T00:43:03.890427Z,1768610583
b61dfd1e-aa99-517d-994d-c97c8667d7a0,b61dfd1e-aa99-517d-994d-c97c8667d7a0,aefd6ddc-6f09-44b6-8c66-d7b52ce250ea,KXBTC15M-26JAN161945-45,KXBTC15M-26JAN161945-45,no,buy,1,0.33,33,67,0.3300,0.6700,True,,2026-01-17T00:33:49.213242Z,1768610029
a158e950-d195-7f70-5ca2-63c60aa53efd,a158e950-d195-7f70-5ca2-63c60aa53efd,eea5c3f4-62ef-4cbf-be4e-b80aa45a7a25,KXBTC15M-26JAN161945-45,KXBTC15M-26JAN161945-45,no,buy,1,0.42,42,58,0.4200,0.5800,True,,2026-01-17T00:32:01.987239Z,1768609921
86470dfe-1342-6bbc-3a6b-a4513ee44f92,86470dfe-1342-6bbc-3a6b-a4513ee44f92,c83a7e40-a044-4967-a3c2-2b04f8fb082e,KXBTC15M-26JAN161945-45,KXBTC15M-26JAN161945-45,no,buy,1,0.42,42,58,0.4200,0.5800,True,,2026-01-17T00:31:41.173472Z,1768609901
f2c75de9-d93d-5728-7b05-4a1586d5039c,f2c75de9-d93d-5728-7b05-4a1586d5039c,f7a585e3-27ee-44d6-bec0-56465b97b328,KXBTC15M-26JAN161945-45,KXBTC15M-26JAN161945-45,no,buy,1,0.42,42,58,0.4200,0.5800,True,,2026-01-17T00:31:30.824574Z,1768609890
ef6ded26-1ede-5fd8-13b4-490e9b81de83,ef6ded26-1ede-5fd8-13b4-490e9b81de83,b79dd113-84bc-46c1-a421-61e4996aa57b,KXBTC15M-26JAN161945-45,KXBTC15M-26JAN161945-45,no,buy,1,0.51,51,49,0.5100,0.4900,True,,2026-01-17T00:31:08.144869Z,1768609868
309ecf68-db85-6097-6e68-5d5d36446bab,309ecf68-db85-6097-6e68-5d5d36446bab,a0db4437-408a-4bd8-b771-e7f03cca5cc7,KXBTC15M-26JAN161930-30,KXBTC15M-26JAN161930-30,no,buy,1,0.34,34,66,0.3400,0.6600,True,,2026-01-17T00:27:11.847779Z,1768609631
304d389d-8cf9-4527-09e2-ce0ce1d7db04,304d389d-8cf9-4527-09e2-ce0ce1d7db04,4b7cba95-c589-40b3-a937-f432413c17cd,KXBTC15M-26JAN161930-30,KXBTC15M-26JAN161930-30,no,buy,1,0.34,34,66,0.3400,0.6600,True,,2026-01-17T00:27:04.140086Z,1768609624
f8621fe6-ace9-53f7-de00-0695ca0727b0,f8621fe6-ace9-53f7-de00-0695ca0727b0,f977734b-0d8d-4507-9ccf-46140bc828e0,KXBTC15M-26JAN161930-30,KXBTC15M-26JAN161930-30,no,sell,5,0.34,34,66,0.3400,0.6600,True,,2026-01-17T00:27:04.030101Z,1768609624
5b482f0a-4ac0-476a-c75a-cb4398954aab,5b482f0a-4ac0-476a-c75a-cb4398954aab,796bc382-0f6a-4164-9455-c1bc17ccac62,KXBTC15M-26JAN161930-30,KXBTC15M-26JAN161930-30,yes,buy,1,0.2,20,80,0.2000,0.8000,True,,2026-01-17T00:24:01.809954Z,1768609441
942f5034-1c82-4b56-e031-77bd8ade0c73,942f5034-1c82-4b56-e031-77bd8ade0c73,cbf0c8d7-90c2-40de-91ce-0f9f3936fa23,KXBTC15M-26JAN161930-30,KXBTC15M-26JAN161930-30,yes,buy,1,0.22,22,78,0.2200,0.7800,True,,2026-01-17T00:23:49.431039Z,1768609429
2813dbfa-7230-7413-7179-2b2cb2fd7e4b,2813dbfa-7230-7413-7179-2b2cb2fd7e4b,b4f19dce-49e2-4c76-bf9b-b077f5220289,KXBTC15M-26JAN161930-30,KXBTC15M-26JAN161930-30,yes,buy,1,0.32,32,68,0.3200,0.6800,True,,2026-01-17T00:23:07.351047Z,1768609387
4e3f37ef-cf22-7fbc-a1c4-89dbdc060aef,4e3f37ef-cf22-7fbc-a1c4-89dbdc060aef,0d321d39-df1a-4daa-8b14-c03190d3e0fa,KXBTC15M-26JAN161930-30,KXBTC15M-26JAN161930-30,yes,buy,1,0.36,36,64,0.3600,0.6400,True,,2026-01-17T00:22:58.097819Z,1768609378
55eb3418-4bc8-610b-27f8-37e3d4c68a06,55eb3418-4bc8-610b-27f8-37e3d4c68a06,4b1ded87-c08b-4b2b-a37e-d312043c5fca,KXBTC15M-26JAN161930-30,KXBTC15M-26JAN161930-30,yes,buy,1,0.37,37,63,0.3700,0.6300,True,,2026-01-17T00:22:50.238042Z,1768609370
02e12fa4-9436-7005-cd15-c1364a63248f,02e12fa4-9436-7005-cd15-c1364a63248f,88c6af4b-5471-4c1f-9a7d-baa2ff904a2f,KXBTC15M-26JAN161900-00,KXBTC15M-26JAN161900-00,no,buy,2,0.89,89,11,0.8900,0.1100,True,,2026-01-16T23:48:01.036101Z,1768607281
58a5ca34-0771-738d-4347-e4a4b8ff0144,58a5ca34-0771-738d-4347-e4a4b8ff0144,0bca51f5-83bd-4ddc-b327-0c12f0072c51,KXBTC15M-26JAN161900-00,KXBTC15M-26JAN161900-00,no,buy,1,0.78,78,22,0.7800,0.2200,True,,2026-01-16T23:47:34.242953Z,1768607254
a2ac3c57-20ab-7059-becd-15ce7a37553e,a2ac3c57-20ab-7059-becd-15ce7a37553e,4df12260-9437-4c9b-8316-67ae5b2853c0,KXBTC15M-26JAN161900-00,KXBTC15M-26JAN161900-00,no,buy,1,0.76,76,24,0.7600,0.2400,True,,2026-01-16T23:47:26.572013Z,1768607246
85c7a1bc-2f82-4291-8d92-f80c57275a5f,85c7a1bc-2f82-4291-8d92-f80c57275a5f,312881b8-5890-4056-8551-6eeb605222da,KXBTC15M-26JAN161900-00,KXBTC15M-26JAN161900-00,no,buy,1,0.77,77,23,0.7700,0.2300,True,,2026-01-16T23:47:14.338037Z,1768607234
94190239-4737-723b-b392-32bab5027735,94190239-4737-723b-b392-32bab5027735,717126f5-4c0b-4f7a-882a-008d8872c374,KXBTC15M-26JAN161845-45,KXBTC15M-26JAN161845-45,no,buy,1,0.54,54,46,0.5400,0.4600,True,,2026-01-16T23:32:23.466257Z,1768606343
dea30b89-3d82-7745-b0ce-12450792a940,dea30b89-3d82-7745-b0ce-12450792a940,2f7afeaf-b33b-4d68-85fb-36d4fdedf6ee,KXBTC15M-26JAN161845-45,KXBTC15M-26JAN161845-45,no,buy,1,0.46,46,54,0.4600,0.5400,True,,2026-01-16T23:31:25.516807Z,1768606285
a1d2c6fa-8932-4061-737c-6f4f3c2a037c,a1d2c6fa-8932-4061-737c-6f4f3c2a037c,30a68df3-5e17-40a1-b517-a9967303dc61,KXBTC15M-26JAN161845-45,KXBTC15M-26JAN161845-45,no,buy,1,0.46,46,54,0.4600,0.5400,True,,2026-01-16T23:31:17.747495Z,1768606277
5689e000-dda1-716e-3d2c-c2f6da1cf0c9,5689e000-dda1-716e-3d2c-c2f6da1cf0c9,3fe7154a-5446-4cb5-afe3-110bc0e7e6c6,KXBTC15M-26JAN161830-30,KXBTC15M-26JAN161830-30,yes,buy,2,0.49,49,51,0.4900,0.5100,True,,2026-01-16T23:16:35.237271Z,1768605395
eba1a5c4-2101-5602-8cbf-bc7d9662058d,eba1a5c4-2101-5602-8cbf-bc7d9662058d,10ad043b-6b6e-456e-8387-cea913f85b97,KXBTC15M-26JAN161830-30,KXBTC15M-26JAN161830-30,yes,buy,2,0.51,51,49,0.5100,0.4900,True,,2026-01-16T23:16:27.528885Z,1768605387
2ae63fda-ed8f-7614-4fa4-84289240f9b8,2ae63fda-ed8f-7614-4fa4-84289240f9b8,f03e3909-da04-4ee6-b23e-5329e0f229bb,KXBTC15M-26JAN161815-15,KXBTC15M-26JAN161815-15,no,buy,1,0.46,46,54,0.4600,0.5400,True,,2026-01-16T23:05:24.120313Z,1768604724
34235f54-101b-72ac-104f-9658cc6b0bf8,34235f54-101b-72ac-104f-9658cc6b0bf8,778f612a-6561-4fc8-a5c4-97b5f778d52b,KXBTC15M-26JAN161815-15,KXBTC15M-26JAN161815-15,no,buy,1,0.46,46,54,0.4600,0.5400,True,,2026-01-16T23:05:02.11973Z,1768604702
7ca78e09-529b-4564-f390-339d89dcc978,7ca78e09-529b-4564-f390-339d89dcc978,25ae557d-35c1-423a-9d33-7ec4a615258b,KXBTC15M-26JAN161815-15,KXBTC15M-26JAN161815-15,no,buy,1,0.46,46,54,0.4600,0.5400,True,,2026-01-16T23:04:50.28184Z,1768604690
e11debf9-a7e4-6eb7-3f24-3f2a7a780f84,e11debf9-a7e4-6eb7-3f24-3f2a7a780f84,5defe7f3-ebd2-4802-a54b-2b3ba8664576,KXBTC15M-26JAN161815-15,KXBTC15M-26JAN161815-15,no,buy,1,0.39,39,61,0.3900,0.6100,True,,2026-01-16T23:03:45.973466Z,1768604625
840daa44-f58b-6572-f0e8-9be29dac0082,840daa44-f58b-6572-f0e8-9be29dac0082,01bbe099-0b1b-4a80-96bb-3d041deaa04a,KXBTC15M-26JAN161815-15,KXBTC15M-26JAN161815-15,no,buy,1,0.43,43,57,0.4300,0.5700,True,,2026-01-16T23:02:05.791626Z,1768604525
c2be5f39-06a2-4d17-852a-2e45655b76b0,c2be5f39-06a2-4d17-852a-2e45655b76b0,8878fb1a-5ae6-4108-8992-7e504d4b3a21,KXBTC15M-26JAN161800-00,KXBTC15M-26JAN161800-00,no,buy,1,0.85,85,15,0.8500,0.1500,True,,2026-01-16T22:48:31.880979Z,1768603711
3caba785-0f55-7bb7-2c76-88526f9a63ab,3caba785-0f55-7bb7-2c76-88526f9a63ab,2d23e135-4e8c-4ed1-a797-4a53b627604e,KXBTC15M-26JAN161800-00,KXBTC15M-26JAN161800-00,no,buy,1,0.85,85,15,0.8500,0.1500,True,,2026-01-16T22:48:24.631455Z,1768603704
e7642590-4533-614f-1be2-b93522033b5d,e7642590-4533-614f-1be2-b93522033b5d,e490faa6-ea3b-4823-ad8e-d697d0b89d08,KXBTC15M-26JAN161800-00,KXBTC15M-26JAN161800-00,no,buy,1,0.85,85,15,0.8500,0.1500,True,,2026-01-16T22:48:17.300039Z,1768603697
9d92ac7a-7616-4635-9c4a-bab2c3343f0b,9d92ac7a-7616-4635-9c4a-bab2c3343f0b,62bdb150-7c1d-42b7-860e-7aecd39bfae5,KXBTC15M-26JAN161800-00,KXBTC15M-26JAN161800-00,no,buy,1,0.84,84,16,0.8400,0.1600,True,,2026-01-16T22:48:09.848011Z,1768603689
607bcc25-c314-75ce-b5f7-f0ad00be0029,607bcc25-c314-75ce-b5f7-f0ad00be0029,a2349ddf-c454-4e29-85a0-443cf99671fb,KXBTC15M-26JAN161800-00,KXBTC15M-26JAN161800-00,no,buy,1,0.72,72,28,0.7200,0.2800,True,,2026-01-16T22:47:41.918054Z,1768603661
cf459e76-30f4-54f6-03fe-911e02d41a7b,cf459e76-30f4-54f6-03fe-911e02d41a7b,0796309a-9999-45e4-a5c0-2c44ae96f6f0,KXBTC15M-26JAN161745-45,KXBTC15M-26JAN161745-45,yes,buy,1,0.06,6,94,0.0600,0.9400,True,,2026-01-16T22:38:06.071216Z,1768603086
25c9433f-591f-4fea-bb7b-1c1fbf8cd69b,25c9433f-591f-4fea-bb7b-1c1fbf8cd69b,86119383-9696-4314-8744-63e288190f5c,KXBTC15M-26JAN161745-45,KXBTC15M-26JAN161745-45,yes,buy,1,0.1,10,90,0.1000,0.9000,True,,2026-01-16T22:37:20.816799Z,1768603040
d2c17550-6d16-4380-f241-d6a61fe1bb92,d2c17550-6d16-4380-f241-d6a61fe1bb92,5fdf35d1-051d-4267-9425-d3afea394304,KXBTC15M-26JAN161745-45,KXBTC15M-26JAN161745-45,yes,buy,1,0.1,10,90,0.1000,0.9000,True,,2026-01-16T22:37:13.459028Z,1768603033
8c58e209-2de9-69df-a15c-6610fb488325,8c58e209-2de9-69df-a15c-6610fb488325,5eb2c0bd-c196-4923-8255-85728ed34270,KXBTC15M-26JAN161745-45,KXBTC15M-26JAN161745-45,yes,buy,2,0.11,11,89,0.1100,0.8900,True,,2026-01-16T22:36:48.771655Z,1768603008
80324545-c79a-4a31-df4a-6cd14febde5b,80324545-c79a-4a31-df4a-6cd14febde5b,19fce051-2260-417e-9719-65e190d0e04a,KXBTC15M-26JAN161730-30,KXBTC15M-26JAN161730-30,no,buy,1,0.51,51,49,0.5100,0.4900,True,,2026-01-16T22:19:35.247784Z,1768601975
4d90176c-ff58-4134-aeec-42b650fbd485,4d90176c-ff58-4134-aeec-42b650fbd485,c184c6fe-9494-43ec-8a19-1acb74aedbc0,KXBTC15M-26JAN161730-30,KXBTC15M-26JAN161730-30,no,buy,1,0.51,51,49,0.5100,0.4900,True,,2026-01-16T22:19:28.006068Z,1768601968
3405b816-bc5f-5a83-b64b-cafccadc6f10,3405b816-bc5f-5a83-b64b-cafccadc6f10,37761957-f8c9-4623-8329-b23cf08b25d7,KXBTC15M-26JAN161730-30,KXBTC15M-26JAN161730-30,no,buy,1,0.62,62,38,0.6200,0.3800,True,,2026-01-16T22:17:39.976556Z,1768601859
91c9976c-6ca8-7a9f-35f7-6a23a12f9ce5,91c9976c-6ca8-7a9f-35f7-6a23a12f9ce5,c3b95c63-e240-4d38-aa3d-e64b80f811c7,KXBTC15M-26JAN161730-30,KXBTC15M-26JAN161730-30,no,buy,1,0.64,64,36,0.6400,0.3600,True,,2026-01-16T22:17:25.132653Z,1768601845
6b571ce8-1026-4621-d92f-22133f2858ad,6b571ce8-1026-4621-d92f-22133f2858ad,45a5702a-9e32-4239-97f4-03e289f1fe30,KXBTC15M-26JAN161730-30,KXBTC15M-26JAN161730-30,no,buy,1,0.45,45,55,0.4500,0.5500,True,,2026-01-16T22:16:49.999309Z,1768601809
376f71e6-0f0b-52d0-584f-ce53759223f7,376f71e6-0f0b-52d0-584f-ce53759223f7,ade707e4-0319-4563-b6e4-56e89ca96930,KXBTC15M-26JAN161715-15,KXBTC15M-26JAN161715-15,no,buy,1,0.15,15,85,0.1500,0.8500,True,,2026-01-16T22:03:10.137699Z,1768600990
f876a30a-5a4e-5cdc-5dbb-5a6e5e14964b,f876a30a-5a4e-5cdc-5dbb-5a6e5e14964b,12b0178e-b0a0-4607-ba50-ef588d4e00c8,KXBTC15M-26JAN161715-15,KXBTC15M-26JAN161715-15,no,buy,1,0.26,26,74,0.2600,0.7400,True,,2026-01-16T22:02:34.997231Z,1768600954
933df989-e88c-4f0d-3838-cd62d20dc429,933df989-e88c-4f0d-3838-cd62d20dc429,cc205037-38ba-4064-af72-d8c3ed767024,KXBTC15M-26JAN161715-15,KXBTC15M-26JAN161715-15,no,buy,1,0.42,42,58,0.4200,0.5800,True,,2026-01-16T22:01:49.362233Z,1768600909
6e2f0cbf-087e-5b62-3232-202cea63fa4b,6e2f0cbf-087e-5b62-3232-202cea63fa4b,662461a6-1b40-4712-a6d1-ba79311386de,KXBTC15M-26JAN161715-15,KXBTC15M-26JAN161715-15,no,buy,2,0.41,41,59,0.4100,0.5900,True,,2026-01-16T22:01:42.175399Z,1768600902
c9633848-fe57-5975-e3f2-9b9c8b1123f1,c9633848-fe57-5975-e3f2-9b9c8b1123f1,a7537eb8-a384-47b1-9279-a359331a944a,KXBTC15M-26JAN161700-00,KXBTC15M-26JAN161700-00,no,buy,1,0.34,34,66,0.3400,0.6600,True,,2026-01-16T21:53:37.065014Z,1768600417
dc4b7d71-63c8-6087-3807-07e335759de3,dc4b7d71-63c8-6087-3807-07e335759de3,7cee0d12-3340-4b79-aef7-fbd02e83a4ef,KXBTC15M-26JAN161700-00,KXBTC15M-26JAN161700-00,no,buy,1,0.34,34,66,0.3400,0.6600,True,,2026-01-16T21:53:22.846797Z,1768600402
95a3af89-620f-5c88-79a1-cd55cbac7331,95a3af89-620f-5c88-79a1-cd55cbac7331,ecb31797-e912-4792-bde6-90248b048521,KXBTC15M-26JAN161700-00,KXBTC15M-26JAN161700-00,no,buy,1,0.32,32,68,0.3200,0.6800,True,,2026-01-16T21:53:14.975915Z,1768600394
