trade_id,price,size,timestamp
936118891,94433.5,0.00030719,2026-01-13T21:22:02.965356Z
936118892,94433.5,0.00005341,2026-01-13T21:22:02.965356Z
936118893,94435.49,0.00066855,2026-01-13T21:22:02.965356Z
936118890,94433.49,0.00000001,2026-01-13T21:22:02.947387Z
936118889,94433.5,0.00001048,2026-01-13T21:22:02.944228Z
936118888,94433.46,0.00000001,2026-01-13T21:22:02.608789Z
936118887,94433.49,0.00154372,2026-01-13T21:22:02.593248Z
936118886,94432.43,0.00053306,2026-01-13T21:22:02.462175Z
936118885,94432.34,0.00000001,2026-01-13T21:22:02.424586Z
936118881,94432.08,0.00399997,2026-01-13T21:22:02.323201Z
936118884,94432.07,0.00187538,2026-01-13T21:22:02.323201Z
936118883,94432.07,0.03404871,2026-01-13T21:22:02.323201Z
936118882,94432.08,0.005,2026-01-13T21:22:02.323201Z
936118880,94432.01,0.00000001,2026-01-13T21:22:02.234306Z
936118879,94429.9,0.0158848,2026-01-13T21:22:02.127524Z
936118878,94429.6,0.00031768,2026-01-13T21:22:02.127524Z
936118877,94428.48,0.11344732,2026-01-13T21:22:02.127043Z
936118876,94428.44,0.10386939,2026-01-13T21:22:02.127043Z
936118875,94428.44,0.0020309,2026-01-13T21:22:01.986897Z
936118874,94428.44,0.0000274,2026-01-13T21:22:01.986897Z
936118873,94428.43,0.00000001,2026-01-13T21:22:01.883571Z
936118872,94428.44,0.00002809,2026-01-13T21:22:01.533077Z
936118871,94428.43,0.00000001,2026-01-13T21:22:01.235271Z
936118870,94428.47,0.0105903,2026-01-13T21:22:01.212742Z
936118869,94428.47,0.00529501,2026-01-13T21:22:01.212742Z
936118868,94428.47,0.00003832,2026-01-13T21:22:01.212742Z
936118867,94428.47,0.00000001,2026-01-13T21:22:01.048193Z
936118866,94428.41,0.00000001,2026-01-13T21:22:00.722414Z
936118865,94429.5,0.00001048,2026-01-13T21:22:00.682170Z
936118864,94428.18,0.00000001,2026-01-13T21:22:00.540678Z
936118863,94429.49,0.0010484,2026-01-13T21:22:00.519465Z
936118861,94428.08,0.00001343,2026-01-13T21:22:00.391854Z
936118862,94428.08,0.00028488,2026-01-13T21:22:00.391854Z
936118860,94428.07,0.00000001,2026-01-13T21:22:00.384509Z
936118859,94428.07,0.00000001,2026-01-13T21:22:00.073334Z
936118858,94428.07,0.00000001,2026-01-13T21:21:59.905630Z
936118857,94428.03,0.00000025,2026-01-13T21:21:59.752916Z
936118856,94426.89,0.00000001,2026-01-13T21:21:59.711842Z
936118851,94426.03,0.00046036,2026-01-13T21:21:59.699413Z
936118855,94427.15,0.06930396,2026-01-13T21:21:59.699413Z
936118854,94426.03,0.0003177,2026-01-13T21:21:59.699413Z
936118853,94426.03,0.00002,2026-01-13T21:21:59.699413Z
936118852,94426.03,0.00529515,2026-01-13T21:21:59.699413Z
936118850,94426.03,0.00178529,2026-01-13T21:21:59.699413Z
936118849,94426.03,0.00031394,2026-01-13T21:21:59.570669Z
936118848,94426.03,0.00021026,2026-01-13T21:21:59.570669Z
936118847,94426.02,0.00000001,2026-01-13T21:21:59.451491Z
936118846,94426.02,0.00000001,2026-01-13T21:21:59.288288Z
936118845,94426.02,0.0003176,2026-01-13T21:21:59.266015Z
936118844,94426.02,0.00000001,2026-01-13T21:21:59.114183Z
936118843,94426.02,0.00000001,2026-01-13T21:21:58.789082Z
936118842,94426.02,0.00000001,2026-01-13T21:21:58.610922Z
936118841,94426.02,0.00000001,2026-01-13T21:21:58.473928Z
936118840,94426.03,0.00001048,2026-01-13T21:21:58.436410Z
936118839,94426.02,0.00000001,2026-01-13T21:21:58.143992Z
936118838,94426.02,0.00000001,2026-01-13T21:21:57.937515Z
936118837,94426.02,0.00000001,2026-01-13T21:21:57.779655Z
936118836,94426.02,0.00000001,2026-01-13T21:21:57.470197Z
936118835,94426.02,0.00000001,2026-01-13T21:21:57.259095Z
936118828,94426.03,0.00529515,2026-01-13T21:21:57.236127Z
936118834,94426.03,0.00327797,2026-01-13T21:21:57.236127Z
936118833,94426.03,0.00489818,2026-01-13T21:21:57.236127Z
936118832,94426.03,0.00552358,2026-01-13T21:21:57.236127Z
936118831,94426.03,0.00178968,2026-01-13T21:21:57.236127Z
936118830,94426.03,0.00004828,2026-01-13T21:21:57.236127Z
936118829,94426.03,0.01370716,2026-01-13T21:21:57.236127Z
936118827,94426.03,0.08846,2026-01-13T21:21:57.236127Z
936118826,94426.02,0.00000001,2026-01-13T21:21:57.113125Z
936118825,94426.02,0.00909139,2026-01-13T21:21:56.983100Z
936118824,94426.02,0.00000001,2026-01-13T21:21:56.788080Z
936118823,94426.02,0.00000001,2026-01-13T21:21:56.638382Z
936118822,94428.59,0.030694,2026-01-13T21:21:56.589724Z
936118821,94428.59,0.00000529,2026-01-13T21:21:56.589724Z
936118820,94430,0.00441489,2026-01-13T21:21:56.401044Z
936118819,94430,0.00045802,2026-01-13T21:21:56.396871Z
936118816,94430,0.00000878,2026-01-13T21:21:56.396278Z
936118818,94430,0.00042201,2026-01-13T21:21:56.396278Z
936118817,94430,0.00000878,2026-01-13T21:21:56.396278Z
936118815,94430,0.00119053,2026-01-13T21:21:56.396278Z
936118814,94430,0.0006721,2026-01-13T21:21:56.393577Z
936118813,94430,0.00107458,2026-01-13T21:21:56.380563Z
936118812,94430,0.00310581,2026-01-13T21:21:56.379038Z
936118811,94430,0.00312562,2026-01-13T21:21:56.375168Z
936118810,94430,0.00020675,2026-01-13T21:21:56.375163Z
936118809,94430,0.00464518,2026-01-13T21:21:56.374567Z
936118808,94430,0.00035376,2026-01-13T21:21:56.374431Z
936118807,94430,0.00145851,2026-01-13T21:21:56.373780Z
936118806,94430,0.00430074,2026-01-13T21:21:56.373465Z
936118805,94430,0.00409782,2026-01-13T21:21:56.373138Z
936118801,94430,0.01203524,2026-01-13T21:21:56.370212Z
936118804,94430,0.0064606,2026-01-13T21:21:56.370212Z
936118803,94430,0.00529492,2026-01-13T21:21:56.370212Z
936118802,94430,0.0015703,2026-01-13T21:21:56.370212Z
936118800,94430,0.00278076,2026-01-13T21:21:56.339663Z
936118799,94430,0.00243276,2026-01-13T21:21:56.335196Z
936118798,94430,0.00350785,2026-01-13T21:21:56.334912Z
936118797,94430,0.00021783,2026-01-13T21:21:56.334912Z
936118796,94430,0.00001757,2026-01-13T21:21:56.334912Z
936118795,94430,0.05201007,2026-01-13T21:21:56.334912Z
936118794,94430.01,0.00009632,2026-01-13T21:21:56.309514Z
936118793,94430,0.00000001,2026-01-13T21:21:56.142919Z
936118792,94430,0.00000001,2026-01-13T21:21:55.803885Z
936118791,94430,0.00000001,2026-01-13T21:21:55.635236Z
936118790,94430,0.00000001,2026-01-13T21:21:55.515217Z
936118789,94430,0.00000021,2026-01-13T21:21:55.263411Z
936118788,94430,0.00000001,2026-01-13T21:21:55.147113Z
936118787,94430,0.00000001,2026-01-13T21:21:55.020624Z
936118786,94430,0.00000001,2026-01-13T21:21:54.840491Z
936118785,94430.01,0.00000031,2026-01-13T21:21:54.568241Z
936118784,94430,0.00000001,2026-01-13T21:21:54.520070Z
936118783,94430,0.00000001,2026-01-13T21:21:54.320577Z
936118782,94430,0.00000001,2026-01-13T21:21:54.158696Z
936118781,94430,0.00000001,2026-01-13T21:21:53.885556Z
936118780,94430,0.00000001,2026-01-13T21:21:53.703280Z
936118779,94430,0.00322702,2026-01-13T21:21:53.563218Z
936118778,94430,0.00000001,2026-01-13T21:21:53.550159Z
936118777,94430,0.00499757,2026-01-13T21:21:53.523138Z
936118776,94430.01,0.00208,2026-01-13T21:21:53.279011Z
936118775,94430,0.00000001,2026-01-13T21:21:53.201609Z
936118774,94430,0.00000001,2026-01-13T21:21:53.028780Z
936118773,94430,0.00000001,2026-01-13T21:21:52.888432Z
936118772,94430,0.00000021,2026-01-13T21:21:52.569221Z
936118771,94430,0.00000001,2026-01-13T21:21:52.564526Z
936118770,94430,0.00000001,2026-01-13T21:21:52.419841Z
936118769,94430,0.00000001,2026-01-13T21:21:52.224320Z
936118768,94430.01,0.00513492,2026-01-13T21:21:52.105773Z
936118767,94430,0.02122459,2026-01-13T21:21:52.091254Z
936118766,94430,0.00000001,2026-01-13T21:21:51.907406Z
936118764,94430,0.03219993,2026-01-13T21:21:51.893009Z
936118765,94430,0.06230413,2026-01-13T21:21:51.893009Z
936118763,94430,0.00000001,2026-01-13T21:21:51.769007Z
936118762,94430,0.00000001,2026-01-13T21:21:51.583928Z
936118761,94430.01,0.00003092,2026-01-13T21:21:51.283906Z
936118760,94430,0.00000001,2026-01-13T21:21:50.881944Z
936118759,94430,0.00000001,2026-01-13T21:21:50.728067Z
936118758,94430,0.00000001,2026-01-13T21:21:50.612923Z
936118757,94430,0.00000001,2026-01-13T21:21:50.236744Z
936118756,94430,0.00000001,2026-01-13T21:21:50.120130Z
936118755,94428.01,0.00000001,2026-01-13T21:21:49.951153Z
936118754,94428,0.00000021,2026-01-13T21:21:49.875449Z
936118753,94428.01,0.00094332,2026-01-13T21:21:49.861332Z
936118751,94429.26,0.00001199,2026-01-13T21:21:49.781605Z
936118752,94429.26,0.02492041,2026-01-13T21:21:49.781605Z
936118750,94431.98,0.00003515,2026-01-13T21:21:49.781605Z
936118749,94431.98,0.00000001,2026-01-13T21:21:49.663292Z
936118748,94431.98,0.00000001,2026-01-13T21:21:49.527825Z
936118747,94431.98,0.00000001,2026-01-13T21:21:49.346354Z
936118744,94430.01,0.005,2026-01-13T21:21:49.225351Z
936118743,94429.27,0.08846,2026-01-13T21:21:49.225351Z
936118746,94430.02,0.07054,2026-01-13T21:21:49.225351Z
936118745,94430.01,0.012,2026-01-13T21:21:49.225351Z
936118742,94429.26,0.00000001,2026-01-13T21:21:49.035864Z
936118740,94433.4,0.00021867,2026-01-13T21:21:49.031887Z
936118741,94433.4,0.00005294,2026-01-13T21:21:49.031887Z
936118739,94433.4,0.00001194,2026-01-13T21:21:49.031887Z
936118738,94434.6,0.00998461,2026-01-13T21:21:49.024033Z
936118737,94434.66,0.02862842,2026-01-13T21:21:49.024033Z
936118736,94434.66,0.00024525,2026-01-13T21:21:49.024001Z
936118735,94434.66,0.00132533,2026-01-13T21:21:49.023969Z
936118733,94436.02,0.02834658,2026-01-13T21:21:49.019650Z
936118734,94436.02,0.00002714,2026-01-13T21:21:49.019650Z
936118732,94436.02,0.00751233,2026-01-13T21:21:48.926273Z
936118731,94436.02,0.00097807,2026-01-13T21:21:48.916024Z
936118730,94436.02,0.00208864,2026-01-13T21:21:48.915134Z
936118729,94436.02,0.00069782,2026-01-13T21:21:48.912065Z
936118728,94436.02,0.00163977,2026-01-13T21:21:48.911402Z
936118727,94436.02,0.00060652,2026-01-13T21:21:48.909096Z
936118726,94436.02,0.00045103,2026-01-13T21:21:48.908602Z
936118725,94436.02,0.00174115,2026-01-13T21:21:48.907985Z
936118724,94436.02,0.00027052,2026-01-13T21:21:48.907818Z
936118723,94436.02,0.00023584,2026-01-13T21:21:48.905528Z
936118722,94436.02,0.00093287,2026-01-13T21:21:48.905110Z
936118721,94436.02,0.00178531,2026-01-13T21:21:48.904180Z
936118720,94436.02,0.00251067,2026-01-13T21:21:48.901652Z
936118719,94436.02,0.00197484,2026-01-13T21:21:48.898433Z
936118718,94436.02,0.00306129,2026-01-13T21:21:48.895316Z
936118717,94436.02,0.00293624,2026-01-13T21:21:48.891584Z
936118716,94436.02,0.00061707,2026-01-13T21:21:48.887504Z
936118715,94436.02,0.00216535,2026-01-13T21:21:48.886987Z
936118714,94436.02,0.00111033,2026-01-13T21:21:48.884060Z
936118713,94436.02,0.00043549,2026-01-13T21:21:48.883496Z
936118712,94436.02,0.00084564,2026-01-13T21:21:48.882165Z
936118711,94436.02,0.00140563,2026-01-13T21:21:48.881514Z
936118710,94436.02,0.00082409,2026-01-13T21:21:48.879374Z
936118709,94436.02,0.00035709,2026-01-13T21:21:48.878756Z
936118708,94436.02,0.00058536,2026-01-13T21:21:48.878052Z
936118707,94436.02,0.00127477,2026-01-13T21:21:48.877551Z
936118706,94436.02,0.00064154,2026-01-13T21:21:48.875381Z
936118705,94436.02,0.00066489,2026-01-13T21:21:48.874811Z
936118704,94436.02,0.00153945,2026-01-13T21:21:48.873898Z
936118703,94436.02,0.0011837,2026-01-13T21:21:48.872164Z
936118702,94436.02,0.00182728,2026-01-13T21:21:48.870490Z
936118701,94436.02,0.00219271,2026-01-13T21:21:48.868432Z
936118700,94436.02,0.00036331,2026-01-13T21:21:48.868177Z
936118699,94436.02,0.00254883,2026-01-13T21:21:48.867170Z
936118698,94436.02,0.00318438,2026-01-13T21:21:48.864014Z
936118697,94436.02,0.00170764,2026-01-13T21:21:48.859974Z
936118696,94436.02,0.00069107,2026-01-13T21:21:48.859769Z
936118695,94436.02,0.00071884,2026-01-13T21:21:48.856580Z
936118694,94436.02,0.00036011,2026-01-13T21:21:48.855569Z
936118693,94436.02,0.0003337,2026-01-13T21:21:48.855229Z
936118692,94436.02,0.00017693,2026-01-13T21:21:48.853053Z
936118691,94436.02,0.00095415,2026-01-13T21:21:48.852738Z
936118690,94436.02,0.00054237,2026-01-13T21:21:48.851787Z
936118689,94436.02,0.00167964,2026-01-13T21:21:48.850883Z
936118688,94436.02,0.0002602,2026-01-13T21:21:48.848278Z
936118687,94436.02,0.00019874,2026-01-13T21:21:48.844976Z
936118686,94436.02,0.00119217,2026-01-13T21:21:48.843884Z
936118685,94436.02,0.00078791,2026-01-13T21:21:48.842467Z
936118684,94436.02,0.00056915,2026-01-13T21:21:48.841661Z
936118683,94436.02,0.0011368,2026-01-13T21:21:48.840671Z
936118682,94436.02,0.00019773,2026-01-13T21:21:48.837871Z
936118681,94436.02,0.00317752,2026-01-13T21:21:48.837250Z
936118680,94436.02,0.00077588,2026-01-13T21:21:48.835420Z
936118679,94436.02,0.00019988,2026-01-13T21:21:48.834010Z
936118678,94436.02,0.00162694,2026-01-13T21:21:48.825829Z
936118677,94436.02,0.00000001,2026-01-13T21:21:48.825734Z
936118676,94436.02,0.00545824,2026-01-13T21:21:48.825595Z
936118675,94436.02,0.00015808,2026-01-13T21:21:48.822131Z
936118674,94436.02,0.00069649,2026-01-13T21:21:48.822122Z
936118673,94436.02,0.00124894,2026-01-13T21:21:48.820971Z
936118672,94436.02,0.00251807,2026-01-13T21:21:48.818371Z
936118671,94436.02,0.0004085,2026-01-13T21:21:48.815902Z
936118670,94436.02,0.00131347,2026-01-13T21:21:48.815625Z
936118669,94436.02,0.00228446,2026-01-13T21:21:48.814280Z
936118668,94436.02,0.00107738,2026-01-13T21:21:48.813163Z
936118667,94436.02,0.00237882,2026-01-13T21:21:48.812975Z
936118666,94436.02,0.00767405,2026-01-13T21:21:48.812840Z
936118665,94436.02,0.02797872,2026-01-13T21:21:48.808184Z
936118664,94436.02,0.02905935,2026-01-13T21:21:48.808184Z
936118663,94436.02,0.00000001,2026-01-13T21:21:48.706556Z
936118662,94436.02,0.00000001,2026-01-13T21:21:48.397871Z
936118661,94436.02,0.00000001,2026-01-13T21:21:48.253965Z
936118660,94436.02,0.00000001,2026-01-13T21:21:48.075666Z
936118659,94436.02,0.00000001,2026-01-13T21:21:47.813763Z
936118658,94436.02,0.00000001,2026-01-13T21:21:47.642561Z
936118657,94436.02,0.00006575,2026-01-13T21:21:47.503177Z
936118656,94436.02,0.00000001,2026-01-13T21:21:47.500030Z
936118655,94436.02,0.00000021,2026-01-13T21:21:47.232712Z
936118654,94436.02,0.00000001,2026-01-13T21:21:47.194731Z
936118653,94436.02,0.00004965,2026-01-13T21:21:47.066196Z
936118652,94436.02,0.00000001,2026-01-13T21:21:46.972543Z
936118651,94436.02,0.00000001,2026-01-13T21:21:46.828864Z
936118650,94436.02,0.00000001,2026-01-13T21:21:46.516969Z
936118649,94436.02,0.00000001,2026-01-13T21:21:45.988325Z
936118648,94436.02,0.00000001,2026-01-13T21:21:45.829290Z
936118647,94436.02,0.00003635,2026-01-13T21:21:45.641875Z
936118646,94436.03,0.05143402,2026-01-13T21:21:45.621256Z
936118645,94436.02,0.00000001,2026-01-13T21:21:45.530300Z
936118644,94436.02,0.00000001,2026-01-13T21:21:45.350375Z
936118643,94436.02,0.00000001,2026-01-13T21:21:45.206005Z
936118642,94436.02,0.00000001,2026-01-13T21:21:44.857721Z
936118641,94436.02,0.00000001,2026-01-13T21:21:44.715162Z
936118640,94436.03,0.00262051,2026-01-13T21:21:44.700786Z
936118639,94436.02,0.00000001,2026-01-13T21:21:44.572417Z
936118638,94436.02,0.00000021,2026-01-13T21:21:44.327980Z
936118637,94436.02,0.00000001,2026-01-13T21:21:44.204076Z
936118636,94440,0.00000001,2026-01-13T21:21:44.033418Z
936118634,94438.01,0.00004501,2026-01-13T21:21:43.998153Z
936118635,94442,0.01970499,2026-01-13T21:21:43.998153Z
936118633,94438,0.00000001,2026-01-13T21:21:43.902118Z
936118632,94438.01,0.00000001,2026-01-13T21:21:43.634909Z
936118631,94438.01,0.00000001,2026-01-13T21:21:43.478922Z
936118630,94438,0.00000001,2026-01-13T21:21:43.315860Z
936118629,94433.41,0.00025713,2026-01-13T21:21:43.188150Z
936118628,94433.41,0.00026153,2026-01-13T21:21:43.165790Z
936118627,94433.4,0.00000001,2026-01-13T21:21:43.017070Z
936118626,94433.4,0.00000001,2026-01-13T21:21:42.841810Z
936118625,94433.41,0.00026729,2026-01-13T21:21:42.775317Z
936118624,94433.41,0.00001381,2026-01-13T21:21:42.763589Z
936118623,94433.41,0.00022942,2026-01-13T21:21:42.678728Z
936118622,94433.4,0.00000001,2026-01-13T21:21:42.669779Z
936118621,94433.41,0.00002621,2026-01-13T21:21:42.530371Z
936118620,94433.41,0.00524102,2026-01-13T21:21:42.504464Z
936118619,94433.4,0.00000001,2026-01-13T21:21:42.365155Z
936118618,94433.4,0.00000001,2026-01-13T21:21:42.206287Z
936118617,94433.4,0.00000001,2026-01-13T21:21:42.046343Z
936118616,94437.54,0.000012,2026-01-13T21:21:41.873716Z
936118615,94437.86,0.00003081,2026-01-13T21:21:41.873716Z
936118612,94442,0.00054721,2026-01-13T21:21:41.813929Z
936118614,94441.68,0.000012,2026-01-13T21:21:41.813929Z
936118613,94442,0.0000793,2026-01-13T21:21:41.813929Z
936118611,94442.01,0.01255373,2026-01-13T21:21:41.813929Z
936118606,94447.32,0.02348097,2026-01-13T21:21:41.802589Z
936118610,94445.9,0.01588211,2026-01-13T21:21:41.802589Z
936118609,94446.34,0.00005156,2026-01-13T21:21:41.802589Z
936118608,94447.31,0.00000004,2026-01-13T21:21:41.802589Z
936118607,94447.32,0.0000308,2026-01-13T21:21:41.802589Z
936118605,94447.32,0.00529395,2026-01-13T21:21:41.802589Z
936118604,94447.32,0.0346678,2026-01-13T21:21:41.802589Z
936118603,94447.32,0.12896692,2026-01-13T21:21:41.802589Z
936118602,94447.32,0.01279908,2026-01-13T21:21:41.802049Z
936118601,94447.32,0.03068572,2026-01-13T21:21:41.802049Z
936118600,94447.32,0.00000021,2026-01-13T21:21:41.721497Z
936118599,94447.32,0.00000001,2026-01-13T21:21:41.719433Z
936118598,94447.32,0.00000001,2026-01-13T21:21:41.545192Z
936118597,94447.32,0.00000001,2026-01-13T21:21:41.379773Z
936118596,94447.33,0.00513394,2026-01-13T21:21:41.218008Z
936118595,94447.32,0.00000001,2026-01-13T21:21:40.681502Z
936118594,94447.32,0.00000001,2026-01-13T21:21:40.529140Z
936118593,94447.33,0.0005241,2026-01-13T21:21:40.391733Z
936118592,94447.32,0.00000001,2026-01-13T21:21:40.388091Z
936118591,94447.32,0.00000001,2026-01-13T21:21:40.071253Z
936118590,94447.71,0.00004979,2026-01-13T21:21:39.931714Z
936118589,94447.31,0.00000001,2026-01-13T21:21:39.931147Z
936118588,94450.01,0.00002704,2026-01-13T21:21:39.807600Z
936118587,94450.01,0.02540973,2026-01-13T21:21:39.807600Z
936118586,94450.01,0.01573196,2026-01-13T21:21:39.807449Z
936118585,94451.99,0.00003038,2026-01-13T21:21:39.807449Z
936118584,94451.99,0.00000001,2026-01-13T21:21:39.787243Z
936118583,94450.01,0.00000001,2026-01-13T21:21:39.336773Z
936118581,94449.36,0.32348149,2026-01-13T21:21:39.320412Z
936118582,94449.35,0.47389938,2026-01-13T21:21:39.320412Z
936118580,94450,0.0322,2026-01-13T21:21:39.320412Z
936118579,94450.01,0.00002541,2026-01-13T21:21:39.320412Z
936118578,94452.58,0.01588098,2026-01-13T21:21:39.320412Z
936118577,94454,0.15451274,2026-01-13T21:21:39.320412Z
936118576,94454,0.00000001,2026-01-13T21:21:39.137741Z
936118575,94454.01,0.00036687,2026-01-13T21:21:39.087348Z
936118574,94454.01,0.00010042,2026-01-13T21:21:39.031571Z
936118573,94454,0.00000001,2026-01-13T21:21:38.964267Z
936118572,94454,0.00000021,2026-01-13T21:21:38.923500Z
936118571,94454.01,0.00018868,2026-01-13T21:21:38.903247Z
936118570,94454,0.00000001,2026-01-13T21:21:38.684416Z
936118569,94454.01,0.004,2026-01-13T21:21:38.657755Z
936118568,94454.01,0.0010482,2026-01-13T21:21:38.610447Z
936118567,94454,0.00000001,2026-01-13T21:21:38.555993Z
936118566,94454.01,0.00052411,2026-01-13T21:21:38.433019Z
936118565,94454.01,0.00154337,2026-01-13T21:21:38.395606Z
936118564,94454,0.00000001,2026-01-13T21:21:38.359734Z
936118563,94454.01,0.00054366,2026-01-13T21:21:38.296123Z
936118562,94454.03,0.00005241,2026-01-13T21:21:38.245237Z
936118560,94454.03,0.03753559,2026-01-13T21:21:38.023061Z
936118559,94454.03,0.00388595,2026-01-13T21:21:38.023061Z
936118561,94454.03,0.01098863,2026-01-13T21:21:38.023061Z
936118558,94454.02,0.00000001,2026-01-13T21:21:38.006787Z
936118557,94454.03,0.00025723,2026-01-13T21:21:37.989764Z
936118556,94454.02,0.00000001,2026-01-13T21:21:37.856338Z
936118555,94454.02,0.00000001,2026-01-13T21:21:37.725470Z
936118554,94454.03,0.0001022,2026-01-13T21:21:37.644728Z
936118553,94454.03,0.0010482,2026-01-13T21:21:37.638216Z
936118552,94454.03,0.00026635,2026-01-13T21:21:37.583356Z
936118551,94454.02,0.00000001,2026-01-13T21:21:37.378724Z
936118550,94454.02,0.00000001,2026-01-13T21:21:37.227521Z
936118549,94454.03,0.00308677,2026-01-13T21:21:37.111373Z
936118548,94454.02,0.00000001,2026-01-13T21:21:37.061344Z
936118547,94454.02,0.00000001,2026-01-13T21:21:36.744051Z
936118546,94454.02,0.00000001,2026-01-13T21:21:36.567042Z
936118545,94454.02,0.0000032,2026-01-13T21:21:36.380786Z
936118544,94454.02,0.00000001,2026-01-13T21:21:36.336805Z
936118543,94454.02,0.00000021,2026-01-13T21:21:36.200196Z
936118542,94454.03,0.00205783,2026-01-13T21:21:36.125267Z
936118541,94454.08,0.03600546,2026-01-13T21:21:36.075700Z
936118540,94454.08,0.00015723,2026-01-13T21:21:36.070859Z
936118539,94454.02,0.00000001,2026-01-13T21:21:36.063071Z
936118538,94454.09,0.00025105,2026-01-13T21:21:35.909056Z
936118537,94451.53,0.0002118,2026-01-13T21:21:35.864407Z
936118536,94451.5,0.03304301,2026-01-13T21:21:35.864407Z
936118534,94448,0.10587837,2026-01-13T21:21:35.864110Z
936118535,94448.74,0.01588163,2026-01-13T21:21:35.864110Z
936118526,94447.32,0.00058291,2026-01-13T21:21:35.863717Z
936118533,94447.32,0.00004207,2026-01-13T21:21:35.863717Z
936118532,94447.32,0.00953925,2026-01-13T21:21:35.863717Z
936118531,94447.32,0.00103539,2026-01-13T21:21:35.863717Z
936118530,94447.32,0.00903476,2026-01-13T21:21:35.863717Z
936118529,94447.32,0.00725156,2026-01-13T21:21:35.863717Z
936118528,94447.32,0.0114721,2026-01-13T21:21:35.863717Z
936118527,94447.32,0.00529395,2026-01-13T21:21:35.863717Z
936118525,94447.32,0.00002096,2026-01-13T21:21:35.646098Z
936118524,94447.31,0.00000001,2026-01-13T21:21:35.544819Z
936118523,94447.32,0.00007584,2026-01-13T21:21:35.502447Z
936118522,94447.32,0.0001543,2026-01-13T21:21:35.383925Z
936118521,94447.31,0.00000001,2026-01-13T21:21:35.344118Z
936118520,94447.31,0.00000001,2026-01-13T21:21:34.997442Z
936118519,94447.31,0.01,2026-01-13T21:21:34.867489Z
936118518,94447.31,0.00000001,2026-01-13T21:21:34.837911Z
936118517,94447.32,0.00031446,2026-01-13T21:21:34.763238Z
936118516,94447.31,0.00000001,2026-01-13T21:21:34.705477Z
936118515,94447.32,0.00104821,2026-01-13T21:21:34.457450Z
936118514,94447.31,0.00000001,2026-01-13T21:21:34.389056Z
936118512,94447.32,0.00046025,2026-01-13T21:21:34.278555Z
936118511,94447.32,0.00158765,2026-01-13T21:21:34.278555Z
936118513,94447.32,0.0009521,2026-01-13T21:21:34.278555Z
936118510,94447.32,0.005,2026-01-13T21:21:34.235847Z
936118509,94447.31,0.00000001,2026-01-13T21:21:34.209868Z
936118508,94447.31,0.00000001,2026-01-13T21:21:34.031158Z
936118507,94447.31,0.00000001,2026-01-13T21:21:33.738293Z
936118506,94447.31,0.00056051,2026-01-13T21:21:33.654062Z
936118505,94447.31,0.00000001,2026-01-13T21:21:33.519867Z
936118504,94447.31,0.00063679,2026-01-13T21:21:33.511792Z
936118502,94447.32,0.00524796,2026-01-13T21:21:33.482321Z
936118503,94447.32,0.00198417,2026-01-13T21:21:33.482321Z
936118501,94447.32,0.00829866,2026-01-13T21:21:33.482321Z
936118500,94447.31,0.00000001,2026-01-13T21:21:33.353635Z
936118499,94447.31,0.00000021,2026-01-13T21:21:33.326886Z
936118498,94447.31,0.00000001,2026-01-13T21:21:33.103398Z
936118497,94447.31,0.00000001,2026-01-13T21:21:32.932579Z
936118495,94447.32,0.00124775,2026-01-13T21:21:32.886832Z
936118496,94447.32,0.00211931,2026-01-13T21:21:32.886832Z
936118494,94447.31,0.00000001,2026-01-13T21:21:32.753083Z
936118493,94447.31,0.00000001,2026-01-13T21:21:32.443402Z
936118492,94447.32,0.00000104,2026-01-13T21:21:32.334911Z
936118491,94447.32,0.00102892,2026-01-13T21:21:32.299819Z
936118490,94447.31,0.00000001,2026-01-13T21:21:32.237673Z
936118488,94447.31,0.00006989,2026-01-13T21:21:32.138159Z
936118489,94447.31,0.00024775,2026-01-13T21:21:32.138159Z
936118487,94447.31,0.00000001,2026-01-13T21:21:32.057671Z
936118486,94447.31,0.00000001,2026-01-13T21:21:31.667763Z
936118485,94447.31,0.00000001,2026-01-13T21:21:31.451534Z
936118484,94447.31,0.00000001,2026-01-13T21:21:31.287409Z
936118483,94447.27,0.00000001,2026-01-13T21:21:30.921678Z
936118482,94447.32,0.00051372,2026-01-13T21:21:30.609698Z
936118481,94446.7,0.0000623,2026-01-13T21:21:30.609698Z
936118480,94446.7,0.00529399,2026-01-13T21:21:30.609698Z
936118479,94446.69,0.00000021,2026-01-13T21:21:30.563074Z
936118478,94446.69,0.00000001,2026-01-13T21:21:30.478575Z
936118477,94446.69,0.00000001,2026-01-13T21:21:30.306399Z
936118476,94446.69,0.00000001,2026-01-13T21:21:29.967124Z
936118475,94446.69,0.00000001,2026-01-13T21:21:29.817990Z
936118474,94446.69,0.00000001,2026-01-13T21:21:29.632514Z
936118473,94446.69,0.00000001,2026-01-13T21:21:29.306599Z
936118472,94446.69,0.00000001,2026-01-13T21:21:29.144070Z
936118471,94446.69,0.00000001,2026-01-13T21:21:28.954337Z
936118470,94446.69,0.00000001,2026-01-13T21:21:28.677287Z
936118469,94446.69,0.00000001,2026-01-13T21:21:28.569251Z
936118468,94446.69,0.00260437,2026-01-13T21:21:28.519796Z
936118467,94446.69,0.00039563,2026-01-13T21:21:28.519796Z
936118466,94446.69,0.00000001,2026-01-13T21:21:28.402039Z
936118465,94446.69,0.00000001,2026-01-13T21:21:28.039348Z
936118464,94446.69,0.00160409,2026-01-13T21:21:27.998129Z
936118463,94446.69,0.00000001,2026-01-13T21:21:27.916863Z
936118462,94446.69,0.00000001,2026-01-13T21:21:27.728294Z
936118461,94446.69,0.00000001,2026-01-13T21:21:27.458498Z
936118460,94446.69,0.00000021,2026-01-13T21:21:27.344562Z
936118459,94446.69,0.00000001,2026-01-13T21:21:27.297404Z
936118458,94446.69,0.00000001,2026-01-13T21:21:27.103883Z
936118457,94446.69,0.00000001,2026-01-13T21:21:26.826843Z
936118456,94446.69,0.00000001,2026-01-13T21:21:26.705392Z
936118455,94446.66,0.00000001,2026-01-13T21:21:26.505538Z
936118452,94446.01,0.00057852,2026-01-13T21:21:26.296002Z
936118454,94447.32,0.00463387,2026-01-13T21:21:26.296002Z
936118453,94447.31,0.0000665,2026-01-13T21:21:26.296002Z
936118451,94446.01,0.00079176,2026-01-13T21:21:26.296002Z
936118450,94446,0.00000001,2026-01-13T21:21:26.159171Z
936118449,94446,0.00000001,2026-01-13T21:21:26.054693Z
936118448,94446,0.00000001,2026-01-13T21:21:25.867726Z
936118447,94446,0.00000001,2026-01-13T21:21:25.178901Z
936118446,94446.01,0.0000001,2026-01-13T21:21:25.164210Z
936118445,94446.01,0.00020922,2026-01-13T21:21:25.136085Z
936118444,94446.01,0.00031371,2026-01-13T21:21:25.135126Z
936118443,94446,0.00000001,2026-01-13T21:21:25.029013Z
936118442,94446,0.00000001,2026-01-13T21:21:24.859362Z
936118441,94446,0.00000021,2026-01-13T21:21:24.541677Z
936118440,94446,0.00000001,2026-01-13T21:21:24.529171Z
936118439,94446.01,0.00257233,2026-01-13T21:21:24.400359Z
936118438,94446,0.00000001,2026-01-13T21:21:24.363250Z
936118437,94446.01,0.00035865,2026-01-13T21:21:24.235238Z
936118436,94446,0.00000001,2026-01-13T21:21:24.198968Z
936118435,94446,0.00000001,2026-01-13T21:21:23.914800Z
936118434,94446,0.00000001,2026-01-13T21:21:23.760051Z
936118433,94446.01,0.00104826,2026-01-13T21:21:23.683746Z
936118432,94446,0.00000001,2026-01-13T21:21:23.603303Z
936118431,94446.01,0.03996574,2026-01-13T21:21:23.280295Z
936118430,94446.01,0.00003426,2026-01-13T21:21:23.280295Z
936118429,94446,0.00000001,2026-01-13T21:21:23.264386Z
936118428,94446,0.00000001,2026-01-13T21:21:23.076761Z
936118427,94446,0.00000001,2026-01-13T21:21:22.842516Z
936118426,94446,0.00000131,2026-01-13T21:21:22.802241Z
936118425,94446,0.00000001,2026-01-13T21:21:22.518170Z
936118424,94446,0.00000001,2026-01-13T21:21:22.363153Z
936118423,94446,0.00000001,2026-01-13T21:21:22.159952Z
936118422,94446,0.00000001,2026-01-13T21:21:21.820875Z
936118421,94446,0.00000001,2026-01-13T21:21:21.655442Z
936118420,94446,0.00000001,2026-01-13T21:21:21.543696Z
936118419,94446.01,0.00005136,2026-01-13T21:21:21.280884Z
936118418,94446,0.00000001,2026-01-13T21:21:21.245888Z
936118417,94446,0.00000001,2026-01-13T21:21:20.879054Z
936118416,94446.02,0.00000001,2026-01-13T21:21:20.261902Z
936118415,94446.02,0.00000001,2026-01-13T21:21:19.935660Z
936118414,94446.02,0.00000001,2026-01-13T21:21:19.784497Z
936118413,94443.06,0.00205795,2026-01-13T21:21:19.567954Z
936118412,94443.05,0.00000001,2026-01-13T21:21:19.564540Z
936118411,94443,0.00120483,2026-01-13T21:21:19.400487Z
936118410,94442.99,0.00000001,2026-01-13T21:21:19.321695Z
936118409,94442.99,0.00000001,2026-01-13T21:21:19.144107Z
936118408,94442.99,0.00000001,2026-01-13T21:21:18.965104Z
936118407,94443,0.00008692,2026-01-13T21:21:18.942403Z
936118406,94443,0.00154634,2026-01-13T21:21:18.937248Z
936118405,94443,0.00061,2026-01-13T21:21:18.842679Z
936118404,94443,0.00000103,2026-01-13T21:21:18.832765Z
936118403,94442.99,0.00000001,2026-01-13T21:21:18.671979Z
936118402,94442.99,0.00000001,2026-01-13T21:21:18.523809Z
936118401,94443,0.00719417,2026-01-13T21:21:18.367334Z
936118400,94442.99,0.00053472,2026-01-13T21:21:18.366512Z
936118399,94442.99,0.00000001,2026-01-13T21:21:18.364523Z
936118398,94442.99,0.00017982,2026-01-13T21:21:18.362833Z
936118397,94442.99,0.00000001,2026-01-13T21:21:18.040061Z
936118396,94442.99,0.00000001,2026-01-13T21:21:17.823830Z
936118394,94443,0.00005089,2026-01-13T21:21:17.756090Z
936118395,94443,0.00020631,2026-01-13T21:21:17.756090Z
936118393,94442.99,0.00000001,2026-01-13T21:21:17.650255Z
936118392,94442.99,0.00000001,2026-01-13T21:21:17.361969Z
936118391,94442.99,0.00000001,2026-01-13T21:21:17.200535Z
936118390,94442.99,0.00000001,2026-01-13T21:21:17.042222Z
936118389,94442.99,0.00000001,2026-01-13T21:21:16.742435Z
936118388,94442.99,0.00211717,2026-01-13T21:21:16.635781Z
936118387,94442.99,0.00000001,2026-01-13T21:21:16.528124Z
936118384,94442.02,0.01284321,2026-01-13T21:21:16.410639Z
936118386,94442.03,0.10588505,2026-01-13T21:21:16.410639Z
936118385,94442.02,0.00006089,2026-01-13T21:21:16.410639Z
936118383,94442.01,0.00000001,2026-01-13T21:21:16.373846Z
936118382,94442.01,0.00349847,2026-01-13T21:21:16.245968Z
936118381,94442.01,0.00000001,2026-01-13T21:21:16.091487Z
936118380,94442.01,0.00002748,2026-01-13T21:21:16.011935Z
936118379,94442.01,0.00000001,2026-01-13T21:21:15.937938Z
936118378,94442.01,0.00001103,2026-01-13T21:21:15.865352Z
936118377,94442.02,0.00011045,2026-01-13T21:21:15.848898Z
936118376,94442.01,0.00000001,2026-01-13T21:21:15.746275Z
936118375,94442.02,0.00030118,2026-01-13T21:21:15.699193Z
936118374,94442.01,0.00032083,2026-01-13T21:21:15.487281Z
936118373,94442.01,0.00000001,2026-01-13T21:21:15.083885Z
936118372,94442.01,0.00000001,2026-01-13T21:21:14.943880Z
936118371,94442.01,0.00000001,2026-01-13T21:21:14.777168Z
936118370,94442.01,0.00000001,2026-01-13T21:21:14.459653Z
936118369,94442.02,0.00102,2026-01-13T21:21:14.373649Z
936118368,94442.01,0.00000001,2026-01-13T21:21:14.283196Z
936118367,94442.01,0.00000001,2026-01-13T21:21:14.090223Z
936118366,94442.01,0.00000001,2026-01-13T21:21:13.740147Z
936118365,94442.01,0.00000001,2026-01-13T21:21:13.602589Z
936118364,94442.01,0.00000001,2026-01-13T21:21:13.471584Z
936118363,94442.01,0.00266963,2026-01-13T21:21:13.365202Z
936118362,94443.04,0.05822508,2026-01-13T21:21:13.213268Z
936118361,94443.04,0.01770498,2026-01-13T21:21:13.213107Z
936118360,94442.01,0.08815881,2026-01-13T21:21:13.213107Z
936118359,94442,0.00000001,2026-01-13T21:21:13.145815Z
936118358,94442.01,0.00030119,2026-01-13T21:21:13.124731Z
936118357,94442,0.02138381,2026-01-13T21:21:13.104975Z
936118356,94442,0.00253806,2026-01-13T21:21:12.957652Z
936118355,94442,0.00000001,2026-01-13T21:21:12.956214Z
936118354,94442,0.00000001,2026-01-13T21:21:12.808167Z
936118353,94442,0.00044186,2026-01-13T21:21:12.556507Z
936118352,94442,0.00000001,2026-01-13T21:21:12.495229Z
936118351,94442,0.00000001,2026-01-13T21:21:12.328110Z
936118350,94443.06,0.00148561,2026-01-13T21:21:12.210501Z
936118349,94446,0.00000001,2026-01-13T21:21:12.163801Z
936118348,94448,0.00048802,2026-01-13T21:21:12.156514Z
936118347,94448,0.00019395,2026-01-13T21:21:12.155810Z
936118345,94449.96,0.000012,2026-01-13T21:21:12.155666Z
936118346,94448,0.00368203,2026-01-13T21:21:12.155666Z
936118344,94450.08,0.00001609,2026-01-13T21:21:12.155666Z
936118343,94454.1,0.000012,2026-01-13T21:21:12.140895Z
936118342,94454.64,0.0003626,2026-01-13T21:21:12.140125Z
936118341,94458.24,0.00000232,2026-01-13T21:21:12.133860Z
936118340,94458.24,0.00684278,2026-01-13T21:21:12.133860Z
936118339,94458.24,0.00105135,2026-01-13T21:21:12.133396Z
936118338,94458.24,0.00967197,2026-01-13T21:21:12.131777Z
936118337,94458.24,0.06200361,2026-01-13T21:21:12.131777Z
936118336,94458.24,0.01543472,2026-01-13T21:21:12.131554Z
936118335,94458.24,0.0109489,2026-01-13T21:21:12.130250Z
936118334,94458.24,0.26632765,2026-01-13T21:21:12.129753Z
936118333,94458.24,0.02819495,2026-01-13T21:21:12.129731Z
936118332,94458.24,0.06751855,2026-01-13T21:21:12.129654Z
936118331,94458.24,0.03895795,2026-01-13T21:21:12.129451Z
936118330,94458.24,0.25552174,2026-01-13T21:21:12.128854Z
936118329,94458.24,0.01080823,2026-01-13T21:21:12.128684Z
936118328,94458.24,0.09051367,2026-01-13T21:21:12.128565Z
936118327,94458.24,0.06775971,2026-01-13T21:21:12.128394Z
936118325,94458.25,0.155595,2026-01-13T21:21:12.124691Z
936118326,94458.24,0.08601032,2026-01-13T21:21:12.124691Z
936118324,94458.25,0.01050794,2026-01-13T21:21:12.124691Z
936118323,94458.25,0.00139876,2026-01-13T21:21:12.039882Z
936118322,94458.25,0.00033444,2026-01-13T21:21:12.035151Z
936118320,94458.25,0.021445,2026-01-13T21:21:12.035020Z
936118321,94458.25,0.04291191,2026-01-13T21:21:12.035020Z
936118319,94458.25,0.00923096,2026-01-13T21:21:12.034792Z
936118318,94458.26,0.00030389,2026-01-13T21:21:11.997913Z
936118317,94458.26,0.00298,2026-01-13T21:21:11.898297Z
936118316,94458.25,0.00000001,2026-01-13T21:21:11.842765Z
936118315,94458.25,0.00000001,2026-01-13T21:21:11.694340Z
936118314,94458.26,0.00008697,2026-01-13T21:21:11.515296Z
936118313,94458.25,0.00000001,2026-01-13T21:21:11.479822Z
936118312,94458.25,0.00000001,2026-01-13T21:21:11.198896Z
936118311,94462,0.00055405,2026-01-13T21:21:11.077717Z
936118310,94462,0.00026413,2026-01-13T21:21:11.077599Z
936118309,94462,0.00317657,2026-01-13T21:21:11.077327Z
936118307,94464,0.00000825,2026-01-13T21:21:11.073225Z
936118308,94464,0.030676,2026-01-13T21:21:11.073225Z
936118306,94464,0.00000001,2026-01-13T21:21:10.976579Z
936118305,94468.01,0.00365961,2026-01-13T21:21:10.879556Z
936118304,94468.01,0.00336975,2026-01-13T21:21:10.879454Z
936118303,94468.01,0.00538821,2026-01-13T21:21:10.879376Z
936118302,94468.01,0.00025578,2026-01-13T21:21:10.879188Z
936118301,94468.01,0.00498913,2026-01-13T21:21:10.879Z
936118300,94468.01,0.01301252,2026-01-13T21:21:10.878835Z
936118299,94468.6,0.01587829,2026-01-13T21:21:10.874084Z
936118298,94470.02,0.00529268,2026-01-13T21:21:10.872848Z
936118295,94470.02,0.00002704,2026-01-13T21:21:10.869448Z
936118297,94470.02,0.01008363,2026-01-13T21:21:10.869448Z
936118296,94470.02,0.06426877,2026-01-13T21:21:10.869448Z
936118294,94470.02,0.0319409,2026-01-13T21:21:10.869448Z
936118292,94470.02,0.00529248,2026-01-13T21:21:10.867816Z
936118293,94470.02,0.1027391,2026-01-13T21:21:10.867816Z
936118291,94470.02,0.00000001,2026-01-13T21:21:10.837636Z
936118290,94470.02,0.00000001,2026-01-13T21:21:10.565431Z
936118289,94470.02,0.00000001,2026-01-13T21:21:10.042630Z
936118288,94470.02,0.00000001,2026-01-13T21:21:09.892674Z
936118287,94470.02,0.00000001,2026-01-13T21:21:09.549758Z
936118285,94470.03,0.00529268,2026-01-13T21:21:09.516630Z
936118286,94470.03,0.00444818,2026-01-13T21:21:09.516630Z
936118284,94470.03,0.00003177,2026-01-13T21:21:09.516630Z
936118283,94470.02,0.00000001,2026-01-13T21:21:09.391561Z
936118282,94470.02,0.00000001,2026-01-13T21:21:09.219719Z
936118281,94470.03,0.0000303,2026-01-13T21:21:09.013059Z
936118280,94470.02,0.00000001,2026-01-13T21:21:08.915438Z
936118279,94470.02,0.00000001,2026-01-13T21:21:08.781860Z
936118278,94472,0.00205738,2026-01-13T21:21:08.636489Z
936118277,94470.02,0.00000001,2026-01-13T21:21:08.604879Z
936118276,94472,0.0322,2026-01-13T21:21:08.578538Z
936118269,94469.8,0.00006324,2026-01-13T21:21:08.491287Z
936118275,94475.5,0.01348843,2026-01-13T21:21:08.491287Z
936118274,94474.8,0.000012,2026-01-13T21:21:08.491287Z
936118273,94470.66,0.12642433,2026-01-13T21:21:08.491287Z
936118272,94470.66,0.000012,2026-01-13T21:21:08.491287Z
936118271,94469.81,0.04,2026-01-13T21:21:08.491287Z
936118270,94469.81,0.02,2026-01-13T21:21:08.491287Z
936118266,94464.01,0.00479099,2026-01-13T21:21:08.488518Z
936118268,94464.02,0.10586041,2026-01-13T21:21:08.488518Z
936118267,94464.01,0.00426663,2026-01-13T21:21:08.488518Z
936118265,94464,0.00000001,2026-01-13T21:21:08.291445Z
936118264,94464,0.00000001,2026-01-13T21:21:08.110582Z
936118263,94464.01,0.00050203,2026-01-13T21:21:08.064200Z
936118262,94464,0.00000001,2026-01-13T21:21:07.987244Z
936118260,94464,0.00002735,2026-01-13T21:21:07.769023Z
936118261,94464,0.00016066,2026-01-13T21:21:07.769023Z
936118259,94464,0.00000001,2026-01-13T21:21:07.623990Z
936118258,94464,0.00000001,2026-01-13T21:21:07.479755Z
936118257,94464,0.00000001,2026-01-13T21:21:07.325557Z
936118255,94466,0.00002643,2026-01-13T21:21:07.230304Z
936118256,94464.01,0.00157729,2026-01-13T21:21:07.230304Z
936118254,94466.01,0.00052399,2026-01-13T21:21:07.124702Z
936118253,94466,0.00000001,2026-01-13T21:21:07.017487Z
936118252,94460,0.00000001,2026-01-13T21:21:06.851382Z
936118251,94465.87,0.0050427,2026-01-13T21:21:06.772699Z
936118250,94465.87,0.00071615,2026-01-13T21:21:06.772490Z
936118249,94465.87,0.02491415,2026-01-13T21:21:06.772456Z
936118248,94465.88,0.00002831,2026-01-13T21:21:06.772456Z
936118247,94465.88,0.00000001,2026-01-13T21:21:06.670990Z
936118246,94468.78,0.01587826,2026-01-13T21:21:06.658071Z
936118245,94470.52,0.00529279,2026-01-13T21:21:06.657984Z
936118244,94470.52,0.00529265,2026-01-13T21:21:06.657984Z
936118243,94470.55,0.03934303,2026-01-13T21:21:06.657984Z
936118242,94470.55,0.01587826,2026-01-13T21:21:06.657683Z
936118241,94470.55,0.01734307,2026-01-13T21:21:06.657490Z
936118240,94470.55,0.06589064,2026-01-13T21:21:06.613484Z
936118239,94470.56,0.00000001,2026-01-13T21:21:06.307633Z
936118238,94470.64,0.00000001,2026-01-13T21:21:06.156519Z
936118237,94470.65,0.00013059,2026-01-13T21:21:06.102805Z
936118235,94470.64,0.00199999,2026-01-13T21:21:06.046996Z
936118236,94470.64,0.0175929,2026-01-13T21:21:06.046996Z
936118234,94470.64,0.00499999,2026-01-13T21:21:06.046996Z
936118233,94470.64,0.00000001,2026-01-13T21:21:05.989573Z
936118232,94470.51,0.00000001,2026-01-13T21:21:05.686333Z
936118229,94468.07,0.00006265,2026-01-13T21:21:05.484142Z
936118231,94468.07,0.00477149,2026-01-13T21:21:05.484142Z
936118230,94468.07,0.00529279,2026-01-13T21:21:05.484142Z
936118228,94468.07,0.25773215,2026-01-13T21:21:05.484142Z
936118227,94468.06,0.00000001,2026-01-13T21:21:05.481395Z
936118226,94468.06,0.00000001,2026-01-13T21:21:04.882566Z
936118225,94468.06,0.00000001,2026-01-13T21:21:04.553595Z
936118224,94468.06,0.00000001,2026-01-13T21:21:04.367266Z
936118223,94468.06,0.00000001,2026-01-13T21:21:04.221333Z
936118222,94468.06,0.00000001,2026-01-13T21:21:03.926805Z
936118221,94468.06,0.00000001,2026-01-13T21:21:03.765174Z
936118220,94468.06,0.00000001,2026-01-13T21:21:03.608032Z
936118219,94468.06,0.00000001,2026-01-13T21:21:03.247123Z
936118218,94468.06,0.00000001,2026-01-13T21:21:03.093611Z
936118217,94468.07,0.00157212,2026-01-13T21:21:02.986363Z
936118216,94468.06,0.00053277,2026-01-13T21:21:02.962371Z
936118215,94468.06,0.00000001,2026-01-13T21:21:02.926688Z
936118214,94468.06,0.00000001,2026-01-13T21:21:02.615350Z
936118213,94468.06,0.00000001,2026-01-13T21:21:02.422423Z
936118212,94468.06,0.00000001,2026-01-13T21:21:02.186907Z
936118211,94468.07,0.0002038,2026-01-13T21:21:02.091190Z
936118210,94468.07,0.00005822,2026-01-13T21:21:02.091190Z
936118205,94468.06,0.00004936,2026-01-13T21:21:01.919814Z
936118209,94468.06,0.05591529,2026-01-13T21:21:01.919814Z
936118208,94468.06,0.002,2026-01-13T21:21:01.919814Z
936118207,94468.06,0.02370218,2026-01-13T21:21:01.919814Z
936118206,94468.06,0.00231802,2026-01-13T21:21:01.919814Z
936118204,94468.06,0.00497524,2026-01-13T21:21:01.919814Z
936118203,94468.06,0.00000001,2026-01-13T21:21:01.722877Z
936118202,94468.06,0.00000001,2026-01-13T21:21:01.514866Z
936118201,94468.06,0.00000001,2026-01-13T21:21:01.381485Z
936118200,94468.06,0.00000001,2026-01-13T21:21:01.051648Z
936118199,94468.06,0.00000001,2026-01-13T21:21:00.905282Z
936118198,94468.06,0.00031749,2026-01-13T21:21:00.781295Z
936118197,94468.06,0.00000001,2026-01-13T21:21:00.704366Z
936118196,94468.06,0.00122964,2026-01-13T21:21:00.599242Z
936118195,94468.06,0.00000001,2026-01-13T21:21:00.353789Z
936118193,94466.01,0.00002964,2026-01-13T21:21:00.266668Z
936118194,94467.43,0.00464461,2026-01-13T21:21:00.266668Z
936118190,94458.25,0.10586687,2026-01-13T21:21:00.120672Z
936118192,94458.25,0.00007069,2026-01-13T21:21:00.120672Z
936118191,94458.25,0.00263452,2026-01-13T21:21:00.120672Z
936118189,94458.25,0.00263552,2026-01-13T21:21:00.120672Z
936118188,94458.24,0.00000001,2026-01-13T21:20:59.805757Z
936118187,94458.25,0.0015432,2026-01-13T21:20:59.682935Z
936118186,94458.24,0.00000001,2026-01-13T21:20:59.627588Z
936118185,94458.24,0.00105316,2026-01-13T21:20:59.282932Z
936118184,94458.24,0.00000001,2026-01-13T21:20:59.271306Z
936118183,94458.24,0.00000001,2026-01-13T21:20:59.146489Z
936118182,94458.24,0.00000001,2026-01-13T21:20:58.954602Z
936118181,94458.25,0.00011045,2026-01-13T21:20:58.898868Z
936118180,94458.24,0.00000001,2026-01-13T21:20:58.668807Z
936118179,94458.25,0.00100417,2026-01-13T21:20:58.551019Z
936118178,94458.24,0.00000001,2026-01-13T21:20:58.525128Z
936118177,94458.24,0.00000001,2026-01-13T21:20:58.352780Z
936118176,94458.25,0.018,2026-01-13T21:20:58.152128Z
936118175,94458.24,0.007,2026-01-13T21:20:58.114234Z
936118174,94458.24,0.00000001,2026-01-13T21:20:58.058021Z
936118173,94458.24,0.00000001,2026-01-13T21:20:57.901957Z
936118172,94458.24,0.00000001,2026-01-13T21:20:57.721241Z
936118171,94458.24,0.00000001,2026-01-13T21:20:57.402692Z
936118170,94458.24,0.00000001,2026-01-13T21:20:57.278577Z
936118169,94458.25,0.00200808,2026-01-13T21:20:57.147600Z
936118168,94458.24,0.00000001,2026-01-13T21:20:57.078607Z
936118167,94458.24,0.00000001,2026-01-13T21:20:56.782173Z
936118166,94458.24,0.00000001,2026-01-13T21:20:56.556400Z
936118165,94458.24,0.00000001,2026-01-13T21:20:56.441881Z
936118164,94458.25,0.0010288,2026-01-13T21:20:56.220841Z
936118163,94458.24,0.00000001,2026-01-13T21:20:56.079824Z
936118162,94458.25,0.00005019,2026-01-13T21:20:56.009728Z
936118161,94458.24,0.00000001,2026-01-13T21:20:55.954626Z
936118160,94458.24,0.00000001,2026-01-13T21:20:55.746692Z
936118159,94458.24,0.00000001,2026-01-13T21:20:55.439675Z
936118158,94458.24,0.00000001,2026-01-13T21:20:55.250710Z
936118157,94458.24,0.00000001,2026-01-13T21:20:54.727384Z
936118156,94458.24,0.00000001,2026-01-13T21:20:54.427878Z
936118155,94458.24,0.00000001,2026-01-13T21:20:54.298992Z
936118154,94458.24,0.00000001,2026-01-13T21:20:54.123652Z
936118153,94458.25,0.00383995,2026-01-13T21:20:53.964520Z
936118152,94458.24,0.01468383,2026-01-13T21:20:53.930132Z
936118150,94458.24,0.00258073,2026-01-13T21:20:53.928920Z
936118151,94458.24,0.00403091,2026-01-13T21:20:53.928920Z
936118149,94458.24,0.00031881,2026-01-13T21:20:53.928649Z
936118148,94458.24,0.00293043,2026-01-13T21:20:53.926368Z
936118147,94458.24,0.00032109,2026-01-13T21:20:53.924325Z
936118146,94458.24,0.00025528,2026-01-13T21:20:53.924032Z
936118145,94458.24,0.00291554,2026-01-13T21:20:53.923823Z
936118144,94458.24,0.00030541,2026-01-13T21:20:53.923674Z
936118143,94458.24,0.00065527,2026-01-13T21:20:53.921966Z
936118142,94458.24,0.00444612,2026-01-13T21:20:53.921729Z
936118141,94458.24,0.00427042,2026-01-13T21:20:53.920564Z
936118140,94458.24,0.00797695,2026-01-13T21:20:53.920462Z
936118139,94458.24,0.00022536,2026-01-13T21:20:53.920417Z
936118138,94458.24,0.00354463,2026-01-13T21:20:53.917093Z
936118137,94458.24,0.05778228,2026-01-13T21:20:53.915922Z
936118136,94458.24,0.00000001,2026-01-13T21:20:53.686147Z
936118135,94458.25,0.00104789,2026-01-13T21:20:53.658155Z
936118134,94458.25,0.00066,2026-01-13T21:20:53.615132Z
936118133,94458.24,0.00000001,2026-01-13T21:20:53.533259Z
936118132,94458.24,0.00000001,2026-01-13T21:20:53.390623Z
936118131,94458.24,0.00014015,2026-01-13T21:20:53.289892Z
936118130,94458.24,0.00000001,2026-01-13T21:20:53.082890Z
936118129,94458.24,0.00000001,2026-01-13T21:20:52.925606Z
936118128,94458.24,0.00012234,2026-01-13T21:20:52.782472Z
936118127,94458.24,0.00000001,2026-01-13T21:20:52.776369Z
936118126,94458.24,0.00000001,2026-01-13T21:20:52.493226Z
936118125,94458.24,0.00000001,2026-01-13T21:20:52.333584Z
936118124,94458.25,0.00001048,2026-01-13T21:20:52.309851Z
936118123,94458.24,0.00021382,2026-01-13T21:20:52.296233Z
936118122,94458.24,0.00155596,2026-01-13T21:20:52.294214Z
936118120,94458.24,0.00001193,2026-01-13T21:20:52.294214Z
936118121,94458.24,0.00001443,2026-01-13T21:20:52.294214Z
936118119,94458.24,0.00000001,2026-01-13T21:20:52.171109Z
936118118,94458.25,0.00013446,2026-01-13T21:20:51.976617Z
936118117,94458.24,0.00000001,2026-01-13T21:20:51.853825Z
936118116,94458.24,0.00000001,2026-01-13T21:20:51.686100Z
936118115,94458.24,0.00000001,2026-01-13T21:20:51.542406Z
936118114,94458.24,0.00000001,2026-01-13T21:20:51.239116Z
936118113,94458.24,0.00000001,2026-01-13T21:20:51.076547Z
936118112,94458.24,0.00000001,2026-01-13T21:20:50.911089Z
936118111,94460.44,0.00000001,2026-01-13T21:20:50.592144Z
936118110,94460.45,0.00205734,2026-01-13T21:20:50.498824Z
936118109,94460.44,0.02480206,2026-01-13T21:20:50.452038Z
936118108,94460.44,0.00000001,2026-01-13T21:20:50.388501Z
936118107,94463.88,0.01381929,2026-01-13T21:20:50.386962Z
936118106,94463.88,0.00978053,2026-01-13T21:20:50.386816Z
936118105,94463.88,0.00010713,2026-01-13T21:20:50.386816Z
936118103,94465.89,0.00001691,2026-01-13T21:20:50.380809Z
936118104,94465.89,0.00486011,2026-01-13T21:20:50.380809Z
936118102,94468.6,0.00285067,2026-01-13T21:20:50.344822Z
936118101,94468.6,0.00014014,2026-01-13T21:20:50.344718Z
936118100,94468.6,0.0003928,2026-01-13T21:20:50.344506Z
936118099,94468.6,0.00165469,2026-01-13T21:20:50.344084Z
936118098,94468.6,0.01083999,2026-01-13T21:20:50.344041Z
936118097,94470,0.01446697,2026-01-13T21:20:50.338311Z
936118096,94470,0.0332,2026-01-13T21:20:50.338230Z
936118095,94470,0.00053877,2026-01-13T21:20:50.337929Z
936118094,94470,0.00398932,2026-01-13T21:20:50.337536Z
936118093,94470,0.05161037,2026-01-13T21:20:50.335033Z
936118092,94470,0.00061888,2026-01-13T21:20:50.334562Z
936118091,94470,0.00379286,2026-01-13T21:20:50.333613Z
936118090,94470,0.00079773,2026-01-13T21:20:50.332911Z
936118089,94470,0.01338747,2026-01-13T21:20:50.332408Z
936118088,94470,0.00089263,2026-01-13T21:20:50.332245Z
936118087,94470.02,0.00722029,2026-01-13T21:20:50.326824Z
936118086,94470.02,0.00000001,2026-01-13T21:20:50.265308Z
936118085,94470.02,0.00000001,2026-01-13T21:20:49.558568Z
936118084,94470.02,0.00000001,2026-01-13T21:20:49.402836Z
936118083,94470.02,0.00000001,2026-01-13T21:20:49.265961Z
936118082,94470.02,0.09941379,2026-01-13T21:20:49.181909Z
936118081,94470.03,0.00514302,2026-01-13T21:20:49.146070Z
936118080,94470.02,0.00000001,2026-01-13T21:20:48.946157Z
936118079,94470.02,0.00000001,2026-01-13T21:20:48.754658Z
936118078,94470.02,0.00000001,2026-01-13T21:20:48.572535Z
936118077,94470.02,0.00000001,2026-01-13T21:20:48.238910Z
936118076,94470.02,0.00000001,2026-01-13T21:20:48.095825Z
936118075,94470.02,0.00000001,2026-01-13T21:20:47.935875Z
936118074,94470.02,0.00000001,2026-01-13T21:20:47.582134Z
936118073,94470.02,0.00000001,2026-01-13T21:20:47.374619Z
936118072,94470.02,0.00000001,2026-01-13T21:20:47.257251Z
936118071,94470.02,0.00000001,2026-01-13T21:20:46.905156Z
936118070,94470.02,0.00000001,2026-01-13T21:20:46.752221Z
936118069,94470.02,0.00000001,2026-01-13T21:20:46.637774Z
936118068,94468.25,0.00201687,2026-01-13T21:20:46.297031Z
936118067,94468.25,0.00000001,2026-01-13T21:20:46.280897Z
936118066,94472,0.00004665,2026-01-13T21:20:46.190955Z
936118065,94470.01,0.00000001,2026-01-13T21:20:46.091741Z
936118064,94470.27,0.00100396,2026-01-13T21:20:46.079337Z
936118063,94472,0.00000001,2026-01-13T21:20:45.872298Z
936118057,94475.99,0.02642,2026-01-13T21:20:45.867050Z
936118062,94472,0.0078491,2026-01-13T21:20:45.867050Z
936118061,94474,0.12041857,2026-01-13T21:20:45.867050Z
936118060,94474,0.0322,2026-01-13T21:20:45.867050Z
936118059,94475.98,0.06696878,2026-01-13T21:20:45.867050Z
936118058,94475.99,0.06686878,2026-01-13T21:20:45.867050Z
936118056,94470.03,0.00000001,2026-01-13T21:20:45.545490Z
936118054,94468.03,0.08846,2026-01-13T21:20:45.380095Z
936118055,94470,0.01730028,2026-01-13T21:20:45.380095Z
936118053,94468.02,0.00000001,2026-01-13T21:20:45.361354Z
936118052,94474.57,0.00371314,2026-01-13T21:20:45.313663Z
936118051,94474.57,0.00660696,2026-01-13T21:20:45.313443Z
936118050,94474.57,0.00105722,2026-01-13T21:20:45.305461Z
936118049,94474.57,0.0002582,2026-01-13T21:20:45.304801Z
936118048,94474.57,0.0033633,2026-01-13T21:20:45.304164Z
936118047,94474.57,0.00087847,2026-01-13T21:20:45.301131Z
936118044,94475.99,0.00529234,2026-01-13T21:20:45.292002Z
936118043,94475.99,0.10956195,2026-01-13T21:20:45.292002Z
936118042,94475.99,0.030674,2026-01-13T21:20:45.292002Z
936118041,94475.99,0.04024866,2026-01-13T21:20:45.292002Z
936118046,94475.99,0.00002705,2026-01-13T21:20:45.292002Z
936118045,94475.99,0.01588049,2026-01-13T21:20:45.292002Z
936118040,94475.99,0.06119918,2026-01-13T21:20:45.291137Z
936118039,94475.99,0.00050603,2026-01-13T21:20:45.239594Z
936118038,94475.99,0.00000001,2026-01-13T21:20:45.217849Z
936118037,94476,0.00205773,2026-01-13T21:20:44.476324Z
936118036,94475.99,0.00000001,2026-01-13T21:20:44.400647Z
936118035,94475.99,0.00000001,2026-01-13T21:20:44.265343Z
936118034,94476,0.00692233,2026-01-13T21:20:44.143992Z
936118033,94475.99,0.00000001,2026-01-13T21:20:44.108782Z
936118032,94475.99,0.00000001,2026-01-13T21:20:43.775123Z
936118031,94475.99,0.00000001,2026-01-13T21:20:43.605269Z
936118030,94475.99,0.00000001,2026-01-13T21:20:43.449239Z
936118029,94475.99,0.00000001,2026-01-13T21:20:43.109344Z
936118028,94475.99,0.00000001,2026-01-13T21:20:42.923974Z
936118027,94475.99,0.00000001,2026-01-13T21:20:42.780764Z
936118026,94475.99,0.00000001,2026-01-13T21:20:42.459646Z
936118025,94475.99,0.00000001,2026-01-13T21:20:42.288288Z
936118024,94475.99,0.00150557,2026-01-13T21:20:42.147650Z
936118023,94476,0.00005239,2026-01-13T21:20:42.146339Z
936118022,94475.99,0.00000001,2026-01-13T21:20:42.092467Z
936118021,94475.99,0.00000001,2026-01-13T21:20:41.737752Z
936118020,94475.99,0.00000001,2026-01-13T21:20:41.560503Z
936118019,94475.99,0.00000001,2026-01-13T21:20:41.400657Z
936118018,94475.99,0.00000001,2026-01-13T21:20:41.126657Z
936118017,94475.99,0.00000001,2026-01-13T21:20:40.961497Z
936118016,94475.99,0.00000001,2026-01-13T21:20:40.802133Z
936118015,94475.99,0.00054758,2026-01-13T21:20:40.560796Z
936118014,94475.99,0.00000001,2026-01-13T21:20:40.440374Z
936118013,94475.99,0.00000001,2026-01-13T21:20:40.311591Z
936118012,94475.99,0.00994377,2026-01-13T21:20:40.249448Z
936118011,94475.99,0.01005623,2026-01-13T21:20:40.249448Z
936118010,94475.99,0.00000001,2026-01-13T21:20:40.130669Z
936118009,94475.99,0.00999087,2026-01-13T21:20:39.928261Z
936118008,94475.99,0.00017931,2026-01-13T21:20:39.928204Z
936118007,94475.99,0.00654419,2026-01-13T21:20:39.927909Z
936118006,94475.99,0.00390639,2026-01-13T21:20:39.923833Z
936118005,94475.99,0.05057297,2026-01-13T21:20:39.923833Z
936118004,94476,0.00021777,2026-01-13T21:20:39.718930Z
936118003,94476,0.00053543,2026-01-13T21:20:39.718930Z
936118002,94476,0.00012316,2026-01-13T21:20:39.381406Z
936118001,94475.99,0.00000001,2026-01-13T21:20:39.361161Z
936118000,94476,0.00005165,2026-01-13T21:20:39.289642Z
936117999,94476,0.00000075,2026-01-13T21:20:39.289642Z
936117998,94475.99,0.00000001,2026-01-13T21:20:39.200319Z
936117997,94475.99,0.00000001,2026-01-13T21:20:39.052409Z
936117996,94475.99,0.00105847,2026-01-13T21:20:38.915441Z
936117995,94475.99,0.00000001,2026-01-13T21:20:38.750598Z
936117994,94475.99,0.00000001,2026-01-13T21:20:38.606061Z
936117993,94475.99,0.00000001,2026-01-13T21:20:38.461052Z
936117992,94475.99,0.00000001,2026-01-13T21:20:38.148241Z
936117991,94475.99,0.00000001,2026-01-13T21:20:37.949048Z
936117986,94476,0.10584698,2026-01-13T21:20:37.859470Z
936117990,94476,0.00173567,2026-01-13T21:20:37.859470Z
936117989,94476,0.00023,2026-01-13T21:20:37.859470Z
936117988,94476,0.03532011,2026-01-13T21:20:37.859470Z
936117987,94476,0.03393516,2026-01-13T21:20:37.859470Z
936117985,94476,0.03217008,2026-01-13T21:20:37.859470Z
936117984,94475.99,0.00000001,2026-01-13T21:20:37.805071Z
936117983,94475.99,0.00000001,2026-01-13T21:20:37.494427Z
936117982,94475.99,0.00258501,2026-01-13T21:20:37.418129Z
936117981,94475.99,0.00103554,2026-01-13T21:20:37.414859Z
936117980,94475.99,0.00208348,2026-01-13T21:20:37.413966Z
936117979,94475.99,0.00186512,2026-01-13T21:20:37.411064Z
936117978,94475.99,0.002874,2026-01-13T21:20:37.409356Z
936117977,94475.99,0.00538692,2026-01-13T21:20:37.405110Z
936117976,94475.99,0.00155746,2026-01-13T21:20:37.398182Z
936117975,94475.99,0.00045223,2026-01-13T21:20:37.396318Z
936117974,94475.99,0.00299109,2026-01-13T21:20:37.395950Z
936117973,94475.99,0.0020807,2026-01-13T21:20:37.392227Z
936117972,94475.99,0.00313116,2026-01-13T21:20:37.389685Z
936117971,94475.99,0.01224645,2026-01-13T21:20:37.385628Z
936117970,94475.99,0.00035837,2026-01-13T21:20:37.365156Z
936117969,94475.99,0.00187669,2026-01-13T21:20:37.364713Z
936117968,94475.99,0.00033564,2026-01-13T21:20:37.362267Z
936117967,94475.99,0.00039979,2026-01-13T21:20:37.361875Z
936117966,94475.99,0.00024681,2026-01-13T21:20:37.361527Z
936117965,94475.99,0.01260968,2026-01-13T21:20:37.360704Z
936117964,94475.99,0.00312359,2026-01-13T21:20:37.358231Z
936117963,94475.99,0.00018021,2026-01-13T21:20:37.358145Z
936117962,94475.99,0.00016894,2026-01-13T21:20:37.357681Z
936117960,94475.99,0.00005406,2026-01-13T21:20:37.354151Z
936117961,94475.99,0.01217097,2026-01-13T21:20:37.354151Z
936117959,94475.99,0.00931355,2026-01-13T21:20:37.354151Z
936117958,94475.99,0.0020517,2026-01-13T21:20:37.326695Z
936117957,94475.99,0.00000001,2026-01-13T21:20:37.326546Z
936117956,94475.99,0.00258313,2026-01-13T21:20:37.323884Z
936117955,94475.99,0.00428797,2026-01-13T21:20:37.320682Z
936117954,94475.99,0.00059021,2026-01-13T21:20:37.315811Z
936117953,94475.99,0.0026991,2026-01-13T21:20:37.314977Z
936117952,94475.99,0.00014958,2026-01-13T21:20:37.314636Z
936117951,94475.99,0.00049891,2026-01-13T21:20:37.311088Z
936117950,94475.99,0.00294575,2026-01-13T21:20:37.310158Z
936117949,94475.99,0.00348727,2026-01-13T21:20:37.306934Z
936117948,94475.99,0.00083076,2026-01-13T21:20:37.306560Z
936117946,94475.99,0.00709481,2026-01-13T21:20:37.302019Z
936117947,94475.99,0.00123906,2026-01-13T21:20:37.302019Z
936117945,94475.99,0.00159087,2026-01-13T21:20:37.290601Z
936117944,94475.99,0.00853476,2026-01-13T21:20:37.287843Z
936117943,94475.99,0.00220634,2026-01-13T21:20:37.286918Z
936117942,94475.99,0.00083235,2026-01-13T21:20:37.284331Z
936117941,94475.99,0.05494083,2026-01-13T21:20:37.283622Z
936117940,94475.99,0.00000001,2026-01-13T21:20:37.173899Z
936117939,94475.99,0.00000001,2026-01-13T21:20:36.883274Z
936117938,94475.99,0.00000001,2026-01-13T21:20:36.691125Z
936117937,94475.99,0.00000001,2026-01-13T21:20:36.562388Z
936117936,94476,0.00002992,2026-01-13T21:20:36.477458Z
936117935,94474.8,0.000012,2026-01-13T21:20:36.477458Z
936117934,94472.63,0.00142048,2026-01-13T21:20:36.472752Z
936117933,94472.63,0.10574652,2026-01-13T21:20:36.472752Z
936117931,94472.63,0.00000058,2026-01-13T21:20:36.129334Z
936117932,94472.63,0.00010424,2026-01-13T21:20:36.129334Z
936117930,94472.62,0.00000001,2026-01-13T21:20:36.098019Z
936117929,94472.62,0.00000001,2026-01-13T21:20:35.938485Z
936117928,94472.62,0.00000001,2026-01-13T21:20:35.778492Z
936117927,94472.62,0.00000001,2026-01-13T21:20:35.479331Z
936117926,94472.62,0.00000001,2026-01-13T21:20:35.275854Z
936117925,94472.62,0.00000001,2026-01-13T21:20:35.120808Z
936117923,94472.63,0.10585076,2026-01-13T21:20:35.049175Z
936117924,94472.63,0.00000524,2026-01-13T21:20:35.049175Z
936117920,94472.4,0.01,2026-01-13T21:20:34.751613Z
936117922,94472.4,0.00529221,2026-01-13T21:20:34.751613Z
936117921,94472.4,0.00138379,2026-01-13T21:20:34.751613Z
936117919,94472.39,0.00000001,2026-01-13T21:20:34.284032Z
936117918,94472.39,0.00164924,2026-01-13T21:20:34.186591Z
936117917,94472.39,0.00000001,2026-01-13T21:20:34.161419Z
936117916,94472.39,0.00000001,2026-01-13T21:20:33.964626Z
936117915,94472.39,0.00053305,2026-01-13T21:20:33.928664Z
936117914,94470.66,0.000012,2026-01-13T21:20:33.869905Z
936117913,94468.82,0.01587825,2026-01-13T21:20:33.845585Z
936117910,94467.4,0.10585662,2026-01-13T21:20:33.838611Z
936117912,94467.4,0.0006207,2026-01-13T21:20:33.838611Z
936117911,94467.4,0.0003724,2026-01-13T21:20:33.838611Z
936117909,94467.4,0.00989707,2026-01-13T21:20:33.838611Z
936117908,94467.4,0.00010293,2026-01-13T21:20:33.647821Z
936117907,94467.39,0.00000001,2026-01-13T21:20:33.610Z
936117906,94467.39,0.00000001,2026-01-13T21:20:33.397143Z
936117905,94467.39,0.00000001,2026-01-13T21:20:33.291254Z
936117904,94466.52,0.00043732,2026-01-13T21:20:33.121660Z
936117903,94466.52,0.00026239,2026-01-13T21:20:33.121660Z
936117902,94466.52,0.1058576,2026-01-13T21:20:33.012327Z
936117901,94466.52,0.000012,2026-01-13T21:20:33.012327Z
936117900,94466.51,0.00000001,2026-01-13T21:20:32.994537Z
936117897,94465.99,0.08,2026-01-13T21:20:32.935940Z
936117899,94465.99,0.02,2026-01-13T21:20:32.935940Z
936117898,94465.99,0.04,2026-01-13T21:20:32.935940Z
936117896,94465.31,0.01587884,2026-01-13T21:20:32.935940Z
936117889,94463.89,0.10586055,2026-01-13T21:20:32.935344Z
936117895,94463.89,0.00195836,2026-01-13T21:20:32.935344Z
936117878,94463.88,0.00002131,2026-01-13T21:20:30.841964Z
936117877,94463.88,0.00000001,2026-01-13T21:20:30.686992Z
936117876,94463.88,0.00000001,2026-01-13T21:20:30.525304Z
936117875,94463.88,0.00000001,2026-01-13T21:20:30.361899Z
936117867,94457.88,0.00001586,2026-01-13T21:20:30.242577Z
936117873,94462.38,0.000012,2026-01-13T21:20:30.242577Z
936117871,94457.88,0.00089277,2026-01-13T21:20:30.242577Z
936117870,94457.88,0.0001924,2026-01-13T21:20:30.242577Z
936117872,94458.24,0.000012,2026-01-13T21:20:30.242577Z
936117874,94463.89,0.00004055,2026-01-13T21:20:30.242577Z
936117869,94457.88,0.00032065,2026-01-13T21:20:30.242577Z
936117868,94457.88,0.00051377,2026-01-13T21:20:30.242577Z
936117866,94457.87,0.00000001,2026-01-13T21:20:30.044852Z
936117865,94457.88,0.00226757,2026-01-13T21:20:29.879913Z
936117864,94457.87,0.00000001,2026-01-13T21:20:29.846866Z
936117863,94457.88,0.00102895,2026-01-13T21:20:29.834357Z
936117860,94454.1,0.000012,2026-01-13T21:20:29.825796Z
936117861,94454.65,0.0115,2026-01-13T21:20:29.825796Z
936117862,94457.88,0.028488,2026-01-13T21:20:29.825796Z
936117853,94452.19,0.04,2026-01-13T21:20:29.822400Z
936117857,94452.19,0.00001885,2026-01-13T21:20:29.822400Z
936117859,94453.61,0.01588081,2026-01-13T21:20:29.822400Z
936117856,94452.19,0.0002756,2026-01-13T21:20:29.822400Z
936117858,94453.01,0.10587275,2026-01-13T21:20:29.822400Z
936117855,94452.19,0.02,2026-01-13T21:20:29.822400Z
936117854,94452.19,0.08,2026-01-13T21:20:29.822400Z
936117852,94452.18,0.00000001,2026-01-13T21:20:29.354925Z
936117851,94452.18,0.00000001,2026-01-13T21:20:29.002396Z
936117845,94450.09,0.00022996,2026-01-13T21:20:28.987594Z
936117848,94450.09,0.00080571,2026-01-13T21:20:28.987594Z
936117849,94450.09,0.00038479,2026-01-13T21:20:28.987594Z
936117847,94450.09,0.00102755,2026-01-13T21:20:28.987594Z
936117850,94450.15,0.09724192,2026-01-13T21:20:28.987594Z
936117846,94450.09,0.0006413,2026-01-13T21:20:28.987594Z
936117844,94450.08,0.00000001,2026-01-13T21:20:28.817277Z
936117843,94450.08,0.00000001,2026-01-13T21:20:28.652794Z
936117842,94450.08,0.00000001,2026-01-13T21:20:28.320169Z
936117841,94450.08,0.00000001,2026-01-13T21:20:28.101863Z
936117840,94450.08,0.00000001,2026-01-13T21:20:27.944836Z
936117839,94450.08,0.00000001,2026-01-13T21:20:27.602956Z
936117838,94450.08,0.00000001,2026-01-13T21:20:27.447869Z
936117837,94450.08,0.00000001,2026-01-13T21:20:27.280220Z
936117835,94449.95,0.0023623,2026-01-13T21:20:27.038670Z
936117836,94449.95,0.00000878,2026-01-13T21:20:27.038670Z
936117834,94449.95,0.00110382,2026-01-13T21:20:27.038447Z
936117833,94449.95,0.00030317,2026-01-13T21:20:27.037750Z
936117832,94449.95,0.00093202,2026-01-13T21:20:27.037240Z
936117831,94449.95,0.00037104,2026-01-13T21:20:27.036923Z
936117830,94449.95,0.00074564,2026-01-13T21:20:27.036391Z
936117829,94449.95,0.00023432,2026-01-13T21:20:27.036215Z
936117828,94449.95,0.00940908,2026-01-13T21:20:27.035976Z
936117827,94449.95,0.00712961,2026-01-13T21:20:27.035719Z
936117826,94450.08,0.00019228,2026-01-13T21:20:27.027698Z
936117825,94450.08,0.00842558,2026-01-13T21:20:27.027441Z
936117824,94450.09,0.002,2026-01-13T21:20:27.027441Z
936117823,94450.08,0.05225305,2026-01-13T21:20:27.020562Z
936117822,94450.09,0.004,2026-01-13T21:20:27.020562Z
936117821,94450.09,0.00523117,2026-01-13T21:20:26.935597Z
936117820,94449.96,0.000012,2026-01-13T21:20:26.935597Z
936117819,94449.95,0.00000001,2026-01-13T21:20:26.904673Z
936117818,94444.42,0.00000001,2026-01-13T21:20:26.782083Z
936117817,94448,0.001918,2026-01-13T21:20:26.770143Z
936117816,94445.82,0.000012,2026-01-13T21:20:26.770143Z
936117815,94442.53,0.05295603,2026-01-13T21:20:26.764391Z
936117814,94437.99,0.01489525,2026-01-13T21:20:26.764391Z
936117813,94433.99,0.00009324,2026-01-13T21:20:26.764071Z
936117811,94433.99,0.01938492,2026-01-13T21:20:26.764052Z
936117812,94433.99,0.03851508,2026-01-13T21:20:26.764052Z
936117810,94437.99,0.0322,2026-01-13T21:20:26.762157Z
936117809,94437.99,0.0322,2026-01-13T21:20:26.762069Z
936117808,94442.53,0.14855405,2026-01-13T21:20:26.760683Z
936117805,94439.34,0.05294403,2026-01-13T21:20:26.760683Z
936117806,94439.67,0.14804,2026-01-13T21:20:26.760683Z
936117807,94441.68,0.000012,2026-01-13T21:20:26.760683Z
936117804,94437.99,0.07105809,2026-01-13T21:20:26.760152Z
936117802,94437.08,0.03179038,2026-01-13T21:20:26.760152Z
936117803,94437.54,0.000012,2026-01-13T21:20:26.760152Z
936117800,94433.99,0.05783172,2026-01-13T21:20:26.760113Z
936117799,94432.96,0.00000158,2026-01-13T21:20:26.760113Z
936117801,94435,0.00066818,2026-01-13T21:20:26.760113Z
936117797,94432.53,0.02,2026-01-13T21:20:26.759869Z
936117795,94429.71,0.02,2026-01-13T21:20:26.759869Z
936117798,94432.53,0.04,2026-01-13T21:20:26.759869Z
936117792,94427.99,0.00004799,2026-01-13T21:20:26.759869Z
936117791,94427.99,0.1059008,2026-01-13T21:20:26.759869Z
936117794,94429.71,0.08,2026-01-13T21:20:26.759869Z
936117793,94427.99,0.09731,2026-01-13T21:20:26.759869Z
936117796,94429.71,0.04,2026-01-13T21:20:26.759869Z
936117790,94427.98,0.01586079,2026-01-13T21:20:26.732419Z
936117787,94424.01,0.0264746,2026-01-13T21:20:26.615210Z
936117789,94424.01,0.00267563,2026-01-13T21:20:26.615210Z
936117786,94424.01,0.00529526,2026-01-13T21:20:26.615210Z
936117782,94424.01,0.00063347,2026-01-13T21:20:26.615210Z
936117788,94424.01,0.10590526,2026-01-13T21:20:26.615210Z
936117784,94424.01,0.00028292,2026-01-13T21:20:26.615210Z
936117785,94424.01,0.00045073,2026-01-13T21:20:26.615210Z
936117783,94424.01,0.00047153,2026-01-13T21:20:26.615210Z
936117781,94424,0.00000001,2026-01-13T21:20:26.593873Z
936117779,94424.01,0.00019272,2026-01-13T21:20:26.366782Z
936117780,94424.01,0.00002713,2026-01-13T21:20:26.366782Z
936117778,94424,0.00000001,2026-01-13T21:20:26.320208Z
936117777,94424.01,0.0000301,2026-01-13T21:20:26.250951Z
936117776,94424,0.00000001,2026-01-13T21:20:26.142466Z
936117775,94424,0.00000001,2026-01-13T21:20:26.006092Z
936117774,94424.01,0.00037367,2026-01-13T21:20:25.767610Z
936117773,94424,0.00000001,2026-01-13T21:20:25.668525Z
936117772,94424.01,0.00033887,2026-01-13T21:20:25.523895Z
936117771,94424,0.00000001,2026-01-13T21:20:25.515587Z
936117770,94424,0.00000001,2026-01-13T21:20:25.292457Z
936117769,94424,0.00000001,2026-01-13T21:20:24.994150Z
936117768,94424.01,0.00108068,2026-01-13T21:20:24.907280Z
936117767,94424,0.00000001,2026-01-13T21:20:24.846591Z
936117766,94424.01,0.00088,2026-01-13T21:20:24.716074Z
936117765,94424,0.00000001,2026-01-13T21:20:24.299735Z
936117764,94424,0.02877036,2026-01-13T21:20:24.168115Z
936117763,94424,0.00000002,2026-01-13T21:20:24.167990Z
936117761,94424,0.00002432,2026-01-13T21:20:24.167990Z
936117762,94424,0.030686,2026-01-13T21:20:24.167990Z
936117760,94424.01,0.00015069,2026-01-13T21:20:23.948513Z
936117759,94424,0.00000001,2026-01-13T21:20:23.926154Z
936117758,94424,0.00000001,2026-01-13T21:20:23.755518Z
936117756,94423.12,0.008,2026-01-13T21:20:23.652316Z
936117757,94423.13,0.005,2026-01-13T21:20:23.652316Z
936117754,94427.78,0.00014981,2026-01-13T21:20:23.635983Z
936117755,94427.78,0.00002434,2026-01-13T21:20:23.635983Z
936117753,94427.78,0.01345146,2026-01-13T21:20:23.635249Z
936117752,94427.78,0.00061573,2026-01-13T21:20:23.634804Z
936117751,94427.78,0.00053038,2026-01-13T21:20:23.633393Z
936117750,94427.78,0.00041503,2026-01-13T21:20:23.633349Z
936117749,94427.78,0.00052226,2026-01-13T21:20:23.631440Z
936117748,94427.78,0.000566,2026-01-13T21:20:23.630978Z
936117747,94427.78,0.00133893,2026-01-13T21:20:23.630364Z
936117746,94427.78,0.00014436,2026-01-13T21:20:23.630320Z
936117745,94427.78,0.00066029,2026-01-13T21:20:23.630022Z
936117744,94427.78,0.00073388,2026-01-13T21:20:23.627749Z
936117743,94427.78,0.00062423,2026-01-13T21:20:23.626146Z
936117742,94427.78,0.00144351,2026-01-13T21:20:23.625559Z
936117741,94427.78,0.00196052,2026-01-13T21:20:23.621844Z
936117740,94427.78,0.0066114,2026-01-13T21:20:23.621743Z
936117739,94427.78,0.00021333,2026-01-13T21:20:23.620679Z
936117738,94427.78,0.00025654,2026-01-13T21:20:23.620486Z
936117737,94427.78,0.00044933,2026-01-13T21:20:23.617500Z
936117736,94427.78,0.00000001,2026-01-13T21:20:23.587170Z
936117735,94429.25,0.01227537,2026-01-13T21:20:23.576308Z
936117734,94429.25,0.00016666,2026-01-13T21:20:23.574564Z
936117733,94429.25,0.00328323,2026-01-13T21:20:23.574265Z
936117732,94429.25,0.00432793,2026-01-13T21:20:23.574078Z
936117731,94429.25,0.00019238,2026-01-13T21:20:23.573860Z
936117730,94429.25,0.0002719,2026-01-13T21:20:23.573312Z
936117729,94429.25,0.02717604,2026-01-13T21:20:23.573281Z
936117728,94429.25,0.00016317,2026-01-13T21:20:23.573178Z
936117727,94429.25,0.00680208,2026-01-13T21:20:23.572854Z
936117726,94429.25,0.05375445,2026-01-13T21:20:23.572834Z
936117725,94429.26,0.00002476,2026-01-13T21:20:23.572834Z
936117724,94432.95,0.00000001,2026-01-13T21:20:23.565369Z
936117723,94432.95,0.00529475,2026-01-13T21:20:23.562466Z
936117722,94432.95,0.0000037,2026-01-13T21:20:23.380444Z
936117721,94432.95,0.00000001,2026-01-13T21:20:23.287217Z
936117720,94432.95,0.00000001,2026-01-13T21:20:23.125818Z
936117719,94432.95,0.00000001,2026-01-13T21:20:22.958366Z
936117718,94435,0.00220889,2026-01-13T21:20:22.865672Z
936117717,94433.4,0.000012,2026-01-13T21:20:22.865672Z
936117715,94429.26,0.000012,2026-01-13T21:20:22.865672Z
936117716,94429.26,0.00005795,2026-01-13T21:20:22.865672Z
936117714,94422.13,0.10590738,2026-01-13T21:20:22.775939Z
936117711,94421.13,0.0009017,2026-01-13T21:20:22.775337Z
936117708,94421.13,0.00187072,2026-01-13T21:20:22.775337Z
936117710,94421.13,0.00094305,2026-01-13T21:20:22.775337Z
936117713,94421.13,0.00017104,2026-01-13T21:20:22.775337Z
936117712,94421.13,0.00005795,2026-01-13T21:20:22.775337Z
936117709,94421.13,0.00132119,2026-01-13T21:20:22.775337Z
936117707,94421.13,0.00056584,2026-01-13T21:20:22.775337Z
936117706,94421.12,0.00000001,2026-01-13T21:20:22.620950Z
936117705,94421.12,0.00000001,2026-01-13T21:20:22.481615Z
936117704,94421.12,0.00000001,2026-01-13T21:20:22.306864Z
936117703,94421.12,0.00000001,2026-01-13T21:20:22.007859Z
936117702,94421.12,0.00000001,2026-01-13T21:20:21.815743Z
936117701,94421.12,0.00000001,2026-01-13T21:20:21.666817Z
936117700,94421.12,0.00000001,2026-01-13T21:20:21.344204Z
936117699,94421.12,0.00000001,2026-01-13T21:20:21.192319Z
936117698,94421.12,0.003,2026-01-13T21:20:21.092957Z
936117697,94421.12,0.00000001,2026-01-13T21:20:20.980939Z
936117696,94412.08,0.00006469,2026-01-13T21:20:20.907707Z
936117695,94404.42,0.01590472,2026-01-13T21:20:20.887244Z
936117694,94404.41,0.00000001,2026-01-13T21:20:20.675483Z
936117693,94404.41,0.00000001,2026-01-13T21:20:20.524242Z
936117692,94402.01,0.09731,2026-01-13T21:20:20.438315Z
936117691,94404.42,0.09731,2026-01-13T21:20:20.431946Z
936117690,94404,0.00405471,2026-01-13T21:20:20.431743Z
936117689,94404,0.00516712,2026-01-13T21:20:20.430475Z
936117688,94404,0.0003973,2026-01-13T21:20:20.430112Z
936117686,94404.01,0.002,2026-01-13T21:20:20.429954Z
936117687,94404,0.02258087,2026-01-13T21:20:20.429954Z
936117685,94404.41,0.00018929,2026-01-13T21:20:20.429954Z
936117684,94408,0.09731,2026-01-13T21:20:20.423402Z
936117683,94408.01,0.09731,2026-01-13T21:20:20.417944Z
936117682,94411.16,0.0069788,2026-01-13T21:20:20.409809Z
936117681,94411.16,0.0001123,2026-01-13T21:20:20.406497Z
936117680,94411.16,0.00444714,2026-01-13T21:20:20.406167Z
936117679,94410.67,0.00057789,2026-01-13T21:20:20.405836Z
936117678,94410.67,0.00018805,2026-01-13T21:20:20.405648Z
936117677,94410.11,0.09731,2026-01-13T21:20:20.397181Z
936117676,94410.1,0.00015436,2026-01-13T21:20:20.392828Z
936117675,94410.1,0.04917423,2026-01-13T21:20:20.392761Z
936117673,94413.71,0.0000247,2026-01-13T21:20:20.384291Z
936117674,94410,0.0322,2026-01-13T21:20:20.384291Z
936117672,94413.71,0.00000001,2026-01-13T21:20:20.375525Z
936117671,94413.28,0.01167825,2026-01-13T21:20:20.283217Z
936117670,94413.28,0.01284352,2026-01-13T21:20:20.283198Z
936117669,94413.28,0.0001652,2026-01-13T21:20:20.282782Z
936117668,94413.28,0.00041904,2026-01-13T21:20:20.280766Z
936117667,94413.28,0.0001337,2026-01-13T21:20:20.280739Z
936117666,94413.28,0.00038873,2026-01-13T21:20:20.280244Z
936117665,94412.71,0.00067856,2026-01-13T21:20:20.279657Z
936117664,94412.71,0.00026914,2026-01-13T21:20:20.279487Z
936117663,94412,0.00015028,2026-01-13T21:20:20.279258Z
936117662,94412,0.00101338,2026-01-13T21:20:20.278642Z
936117661,94412,0.00039983,2026-01-13T21:20:20.278134Z
936117660,94412,0.02210239,2026-01-13T21:20:20.277462Z
936117659,94412.7,0.000012,2026-01-13T21:20:20.277462Z
936117658,94414,0.00014762,2026-01-13T21:20:20.260161Z
936117657,94414,0.00022587,2026-01-13T21:20:20.259998Z
936117656,94414,0.0001251,2026-01-13T21:20:20.259592Z
936117655,94414,0.00051625,2026-01-13T21:20:20.259347Z
936117654,94414,0.00017127,2026-01-13T21:20:20.259234Z
936117653,94414,0.00100822,2026-01-13T21:20:20.258442Z
936117652,94414,0.00158383,2026-01-13T21:20:20.257219Z
936117651,94414,0.00024957,2026-01-13T21:20:20.255518Z
936117650,94414,0.00166595,2026-01-13T21:20:20.255109Z
936117649,94414,0.00631298,2026-01-13T21:20:20.253028Z
936117648,94416.07,0.00002471,2026-01-13T21:20:20.253028Z
936117647,94421.12,0.00002471,2026-01-13T21:20:20.182729Z
936117646,94421.12,0.00012084,2026-01-13T21:20:20.182729Z
936117645,94421.12,0.00836294,2026-01-13T21:20:20.179636Z
936117644,94421.12,0.00121608,2026-01-13T21:20:20.177617Z
936117643,94421.12,0.0026467,2026-01-13T21:20:20.176279Z
936117642,94421.12,0.00526428,2026-01-13T21:20:20.171705Z
936117641,94421.12,0.0002526,2026-01-13T21:20:20.170088Z
936117640,94421.12,0.0066437,2026-01-13T21:20:20.169652Z
936117639,94421.12,0.00275312,2026-01-13T21:20:20.169508Z
936117638,94421.12,0.00071462,2026-01-13T21:20:20.161626Z
936117637,94421.12,0.00015505,2026-01-13T21:20:20.161279Z
936117636,94421.12,0.00028361,2026-01-13T21:20:20.160931Z
936117635,94421.12,0.00277521,2026-01-13T21:20:20.160594Z
936117634,94421.12,0.00104343,2026-01-13T21:20:20.160203Z
936117633,94421.12,0.00038341,2026-01-13T21:20:20.160107Z
936117632,94421.12,0.00269937,2026-01-13T21:20:20.153823Z
936117631,94421.12,0.00424955,2026-01-13T21:20:20.153656Z
936117630,94421.12,0.00018772,2026-01-13T21:20:20.153653Z
936117629,94421.12,0.00030972,2026-01-13T21:20:20.153588Z
936117628,94421.12,0.00113761,2026-01-13T21:20:20.152668Z
936117627,94421.12,0.00278163,2026-01-13T21:20:20.152625Z
936117626,94421.12,0.0039989,2026-01-13T21:20:20.152622Z
936117625,94421.13,0.00002471,2026-01-13T21:20:20.152622Z
936117624,94421.7,0.00082106,2026-01-13T21:20:20.147958Z
936117623,94421.7,0.00777405,2026-01-13T21:20:20.147476Z
936117622,94421.7,0.00012749,2026-01-13T21:20:20.146777Z
936117621,94421.7,0.0011011,2026-01-13T21:20:20.146210Z
936117620,94421.7,0.01840791,2026-01-13T21:20:20.145476Z
936117619,94421.7,0.05750667,2026-01-13T21:20:20.139788Z
936117618,94421.7,0.00156326,2026-01-13T21:20:20.138354Z
936117617,94421.7,0.00212545,2026-01-13T21:20:20.137835Z
936117615,94421.7,0.0000016,2026-01-13T21:20:20.137469Z
936117616,94421.7,0.00396501,2026-01-13T21:20:20.137469Z
936117614,94421.7,0.00000001,2026-01-13T21:20:20.015645Z
936117613,94421.7,0.00000001,2026-01-13T21:20:19.862588Z
936117612,94421.7,0.00000001,2026-01-13T21:20:19.728391Z
936117611,94421.7,0.00001605,2026-01-13T21:20:19.523009Z
936117610,94424.99,0.00247288,2026-01-13T21:20:19.475698Z
936117609,94424.99,0.00050594,2026-01-13T21:20:19.473892Z
936117608,94424.99,0.00011578,2026-01-13T21:20:19.472343Z
936117607,94424.99,0.00016919,2026-01-13T21:20:19.471852Z
936117606,94424.99,0.00084855,2026-01-13T21:20:19.471775Z
936117605,94424.99,0.00014976,2026-01-13T21:20:19.471099Z
936117604,94424.99,0.01429742,2026-01-13T21:20:19.470923Z
936117603,94424.99,0.00544354,2026-01-13T21:20:19.470792Z
936117602,94424.29,0.002,2026-01-13T21:20:19.458639Z
936117601,94426.18,0.00497529,2026-01-13T21:20:19.407922Z
936117600,94426.18,0.00087441,2026-01-13T21:20:19.407331Z
936117599,94426.18,0.0058303,2026-01-13T21:20:19.401099Z
936117598,94426.18,0.00018037,2026-01-13T21:20:19.400895Z
936117597,94426.18,0.02228544,2026-01-13T21:20:19.398106Z
936117596,94426.18,0.00483481,2026-01-13T21:20:19.397709Z
936117595,94426.04,0.0039309,2026-01-13T21:20:19.387633Z
936117594,94426.04,0.00625233,2026-01-13T21:20:19.387419Z
936117593,94426.04,0.01732592,2026-01-13T21:20:19.380748Z
936117592,94429.25,0.00053054,2026-01-13T21:20:19.310731Z
936117591,94429.25,0.00185093,2026-01-13T21:20:19.310213Z
936117590,94429.25,0.0002591,2026-01-13T21:20:19.309936Z
936117589,94429.25,0.00265439,2026-01-13T21:20:19.309648Z
936117587,94429.25,0.00529496,2026-01-13T21:20:19.305560Z
936117588,94429.25,0.0000653,2026-01-13T21:20:19.305560Z
936117586,94429.25,0.01034881,2026-01-13T21:20:19.273615Z
936117585,94429.25,0.00015823,2026-01-13T21:20:19.272561Z
936117584,94429.25,0.00013651,2026-01-13T21:20:19.272332Z
936117583,94429.25,0.00045163,2026-01-13T21:20:19.272068Z
936117582,94429.25,0.00529496,2026-01-13T21:20:19.272068Z
936117581,94429.25,0.00024619,2026-01-13T21:20:19.268282Z
936117580,94429.25,0.01607262,2026-01-13T21:20:19.268181Z
936117579,94429.25,0.00119247,2026-01-13T21:20:19.267766Z
936117578,94429.25,0.00102148,2026-01-13T21:20:19.267419Z
936117577,94429.25,0.00082344,2026-01-13T21:20:19.266416Z
936117576,94429.25,0.00068203,2026-01-13T21:20:19.265186Z
936117575,94429.25,0.0009324,2026-01-13T21:20:19.264233Z
936117574,94429.25,0.000745,2026-01-13T21:20:19.262791Z
936117573,94429.25,0.00018039,2026-01-13T21:20:19.262237Z
936117572,94429.25,0.00385423,2026-01-13T21:20:19.262096Z
936117571,94429.25,0.00494855,2026-01-13T21:20:19.261810Z
936117570,94429.25,0.00018618,2026-01-13T21:20:19.261652Z
936117569,94429.25,0.00215656,2026-01-13T21:20:19.256160Z
936117568,94429.25,0.001296,2026-01-13T21:20:19.251277Z
936117567,94429.25,0.00037856,2026-01-13T21:20:19.231722Z
936117566,94429.25,0.00202618,2026-01-13T21:20:19.230807Z
936117565,94429.25,0.00159658,2026-01-13T21:20:19.230304Z
936117564,94429.25,0.00032512,2026-01-13T21:20:19.229793Z
936117563,94429.25,0.0169848,2026-01-13T21:20:19.229460Z
936117562,94429.25,0.00857271,2026-01-13T21:20:19.226824Z
936117560,94429.25,0.00065539,2026-01-13T21:20:19.225444Z
936117561,94429.25,0.00072953,2026-01-13T21:20:19.225444Z
936117559,94429.25,0.00423139,2026-01-13T21:20:19.225348Z
936117556,94429.25,0.002,2026-01-13T21:20:19.223481Z
936117557,94429.25,0.01019828,2026-01-13T21:20:19.223481Z
936117554,94429.25,0.02306552,2026-01-13T21:20:19.223481Z
936117558,94429.25,0.00040818,2026-01-13T21:20:19.223481Z
936117555,94429.25,0.012,2026-01-13T21:20:19.223481Z
936117553,94429.25,0.00021845,2026-01-13T21:20:19.179567Z
936117552,94429.25,0.05938102,2026-01-13T21:20:19.178094Z
936117551,94429.25,0.00011501,2026-01-13T21:20:19.178Z
936117548,94427.47,0.14446934,2026-01-13T21:20:19.169912Z
936117549,94427.48,0.152606,2026-01-13T21:20:19.169912Z
936117550,94427.87,0.21180189,2026-01-13T21:20:19.169912Z
936117546,94425.73,0.0405,2026-01-13T21:20:19.168087Z
936117545,94425.12,0.000012,2026-01-13T21:20:19.168087Z
936117547,94427.47,0.079488,2026-01-13T21:20:19.168087Z
936117541,94416.84,0.000012,2026-01-13T21:20:19.166700Z
936117542,94419.14,0.11550816,2026-01-13T21:20:19.166700Z
936117543,94420.98,0.000012,2026-01-13T21:20:19.166700Z
936117544,94421.71,0.1494,2026-01-13T21:20:19.166700Z
936117539,94412.24,0.05295923,2026-01-13T21:20:19.164594Z
936117540,94412.7,0.000012,2026-01-13T21:20:19.164594Z
936117538,94409.98,0.01588815,2026-01-13T21:20:19.164594Z
936117528,94408.56,0.02,2026-01-13T21:20:19.164146Z
936117531,94408.56,0.00031708,2026-01-13T21:20:19.164146Z
936117527,94408.56,0.04,2026-01-13T21:20:19.164146Z
936117536,94408.76,0.02,2026-01-13T21:20:19.164146Z
936117537,94408.76,0.04,2026-01-13T21:20:19.164146Z
936117533,94408.56,0.00031399,2026-01-13T21:20:19.164146Z
936117530,94408.56,0.00064475,2026-01-13T21:20:19.164146Z
936117534,94408.56,0.00017845,2026-01-13T21:20:19.164146Z
936117532,94408.56,0.00019023,2026-01-13T21:20:19.164146Z
936117526,94408.56,0.03423059,2026-01-13T21:20:19.164146Z
936117535,94408.57,0.03179985,2026-01-13T21:20:19.164146Z
936117529,94408.56,0.00529613,2026-01-13T21:20:19.164146Z
936117525,94408.56,0.04414551,2026-01-13T21:20:19.164086Z
936117523,94408.56,0.0001181,2026-01-13T21:20:19.164062Z
936117522,94408.56,0.07129463,2026-01-13T21:20:19.164062Z
936117524,94408.56,0.0016239,2026-01-13T21:20:19.164062Z
936117520,94408.56,0.000012,2026-01-13T21:20:19.163914Z
936117521,94408.56,0.03462796,2026-01-13T21:20:19.163914Z
936117519,94408.55,0.00000001,2026-01-13T21:20:19.014580Z
936117518,94408.55,0.00000001,2026-01-13T21:20:18.872921Z
936117517,94408.55,0.00000001,2026-01-13T21:20:18.723955Z
936117516,94408.55,0.00000001,2026-01-13T21:20:18.367588Z
936117515,94408.55,0.00000001,2026-01-13T21:20:18.205817Z
936117514,94408.55,0.00000001,2026-01-13T21:20:18.028848Z
936117513,94408.55,0.00000001,2026-01-13T21:20:17.743979Z
936117512,94408.55,0.00000001,2026-01-13T21:20:17.544135Z
936117511,94408.55,0.00000001,2026-01-13T21:20:17.344387Z
936117510,94408.55,0.00000001,2026-01-13T21:20:17.049297Z
936117509,94408.55,0.00000001,2026-01-13T21:20:16.911625Z
936117508,94408.55,0.00000001,2026-01-13T21:20:16.744509Z
936117507,94408.55,0.00000001,2026-01-13T21:20:16.451201Z
936117506,94408.55,0.00039532,2026-01-13T21:20:16.358544Z
936117505,94408.55,0.00000001,2026-01-13T21:20:16.327513Z
936117504,94408.55,0.00000001,2026-01-13T21:20:16.128679Z
936117503,94408.55,0.00000001,2026-01-13T21:20:15.863204Z
936117502,94408.55,0.00000001,2026-01-13T21:20:15.647745Z
936117501,94408.55,0.00000001,2026-01-13T21:20:15.524841Z
936117500,94408.55,0.00000001,2026-01-13T21:20:15.177797Z
936117499,94408.55,0.00000001,2026-01-13T21:20:14.947025Z
936117496,94404.42,0.00000561,2026-01-13T21:20:14.922666Z
936117495,94404.42,0.000012,2026-01-13T21:20:14.922666Z
936117498,94404.42,0.00001409,2026-01-13T21:20:14.922666Z
936117497,94404.42,0.10592724,2026-01-13T21:20:14.922666Z
936117494,94404.41,0.00000001,2026-01-13T21:20:14.820728Z
936117493,94404.41,0.00005351,2026-01-13T21:20:14.633346Z
936117492,94404.41,0.00000001,2026-01-13T21:20:14.486925Z
936117491,94404.41,0.016,2026-01-13T21:20:14.349420Z
936117490,94404.41,0.00000001,2026-01-13T21:20:13.921933Z
936117489,94404.41,0.00535089,2026-01-13T21:20:13.918294Z
936117488,94404.41,0.00000001,2026-01-13T21:20:13.761957Z
936117487,94402.91,0.04,2026-01-13T21:20:13.577916Z
936117485,94402.91,0.08,2026-01-13T21:20:13.577916Z
936117486,94402.91,0.02,2026-01-13T21:20:13.577916Z
936117481,94400.28,0.00061224,2026-01-13T21:20:13.562465Z
936117480,94400.28,0.00023887,2026-01-13T21:20:13.562465Z
936117479,94400.28,0.00000275,2026-01-13T21:20:13.562465Z
936117476,94400.28,0.000012,2026-01-13T21:20:13.562465Z
936117484,94400.28,0.00310854,2026-01-13T21:20:13.562465Z
936117477,94400.28,0.00001454,2026-01-13T21:20:13.562465Z
936117478,94400.28,0.10593188,2026-01-13T21:20:13.562465Z
936117482,94400.28,0.00078983,2026-01-13T21:20:13.562465Z
936117483,94400.28,0.00035959,2026-01-13T21:20:13.562465Z
936117475,94400.27,0.00000001,2026-01-13T21:20:13.437373Z
936117474,94400.27,0.00000001,2026-01-13T21:20:13.274962Z
936117473,94400.27,0.00000001,2026-01-13T21:20:13.078030Z
936117472,94400.27,0.00000001,2026-01-13T21:20:12.725537Z
936117471,94400.27,0.00000001,2026-01-13T21:20:12.604680Z
936117470,94400.27,0.00000001,2026-01-13T21:20:12.404681Z
936117469,94396.14,0.000012,2026-01-13T21:20:12.229795Z
936117468,94392,0.000012,2026-01-13T21:20:12.196176Z
936117467,94387.86,0.000012,2026-01-13T21:20:12.173045Z
936117466,94385.3,0.05297435,2026-01-13T21:20:12.170345Z
936117463,94384.03,0.00022625,2026-01-13T21:20:12.170114Z
936117464,94384.03,0.00000741,2026-01-13T21:20:12.170114Z
936117465,94384.03,0.00145555,2026-01-13T21:20:12.170114Z
936117462,94383.62,0.01589259,2026-01-13T21:20:12.168251Z
936117459,94382.2,0.00138182,2026-01-13T21:20:12.167553Z
936117460,94382.2,0.0052976,2026-01-13T21:20:12.167553Z
936117461,94382.2,0.01051668,2026-01-13T21:20:12.167553Z
936117458,94382.2,0.00024771,2026-01-13T21:20:12.167553Z
936117455,94382.2,0.00863667,2026-01-13T21:20:12.167553Z
936117456,94382.2,0.04,2026-01-13T21:20:12.167553Z
936117457,94382.2,0.00001964,2026-01-13T21:20:12.167553Z
936117448,94382.2,0.02,2026-01-13T21:20:12.165050Z
936117447,94382.2,0.04,2026-01-13T21:20:12.165050Z
936117451,94382.2,0.10595218,2026-01-13T21:20:12.165050Z
936117452,94382.2,0.00038878,2026-01-13T21:20:12.165050Z
936117453,94382.2,0.08,2026-01-13T21:20:12.165050Z
936117450,94382.2,0.00000254,2026-01-13T21:20:12.165050Z
936117454,94382.2,0.15136333,2026-01-13T21:20:12.165050Z
936117449,94382.2,0.00122486,2026-01-13T21:20:12.165050Z
936117446,94382.19,0.00000001,2026-01-13T21:20:12.048579Z
936117445,94382.19,0.00000001,2026-01-13T21:20:11.868422Z
936117444,94382.19,0.00000001,2026-01-13T21:20:11.704090Z
936117443,94382.19,0.00000001,2026-01-13T21:20:11.361960Z
936117442,94382.19,0.00000001,2026-01-13T21:20:11.195669Z
936117441,94382.19,0.00000001,2026-01-13T21:20:11.030890Z
936117440,94382.19,0.00000001,2026-01-13T21:20:10.704187Z
936117439,94382.19,0.00248876,2026-01-13T21:20:10.636778Z
936117438,94382.19,0.00000001,2026-01-13T21:20:10.528397Z
936117437,94382.19,0.00000001,2026-01-13T21:20:10.256179Z
936117436,94382.19,0.003,2026-01-13T21:20:10.182020Z
936117435,94382.19,0.00000001,2026-01-13T21:20:09.947213Z
936117434,94382.19,0.00000001,2026-01-13T21:20:09.784034Z
936117433,94382.19,0.00000001,2026-01-13T21:20:09.503708Z
936117432,94382.19,0.00000001,2026-01-13T21:20:08.750434Z
936117431,94382.19,0.00000001,2026-01-13T21:20:08.504365Z
936117430,94382.19,0.00000001,2026-01-13T21:20:08.316997Z
936117429,94382.19,0.00000001,2026-01-13T21:20:07.973160Z
936117428,94382.19,0.00000001,2026-01-13T21:20:07.611573Z
936117427,94382.19,0.00000001,2026-01-13T21:20:07.469831Z
936117426,94382.19,0.00000001,2026-01-13T21:20:07.183672Z
936117425,94382.19,0.00000001,2026-01-13T21:20:07.001115Z
936117424,94382.19,0.00000001,2026-01-13T21:20:06.840229Z
936117423,94382.19,0.00001344,2026-01-13T21:20:06.790902Z
936117422,94382.19,0.00000001,2026-01-13T21:20:06.492527Z
936117421,94382.19,0.00000001,2026-01-13T21:20:06.338676Z
936117419,94382.2,0.00138182,2026-01-13T21:20:06.277781Z
936117420,94382.2,0.00084133,2026-01-13T21:20:06.277781Z
936117418,94382.2,0.00000381,2026-01-13T21:20:06.277781Z
936117417,94382.19,0.00000001,2026-01-13T21:20:06.168986Z
936117416,94382.19,0.00000001,2026-01-13T21:20:05.913016Z
936117415,94382.19,0.00000001,2026-01-13T21:20:05.718509Z
936117414,94382.19,0.00000001,2026-01-13T21:20:05.582323Z
936117413,94376.84,0.10595819,2026-01-13T21:20:05.313072Z
936117411,94376.71,0.00077755,2026-01-13T21:20:05.298882Z
936117412,94376.71,0.00118376,2026-01-13T21:20:05.298882Z
936117410,94376.71,0.09731,2026-01-13T21:20:05.298882Z
936117409,94376.7,0.00000001,2026-01-13T21:20:05.220744Z
936117408,94376.7,0.00000001,2026-01-13T21:20:05.038127Z
936117407,94376.86,0.00000001,2026-01-13T21:20:04.910925Z
936117406,94376.86,0.00074173,2026-01-13T21:20:04.896440Z
936117405,94376.86,0.00053335,2026-01-13T21:20:04.894785Z
936117404,94378,0.00000001,2026-01-13T21:20:04.601089Z
936117403,94380,0.00183,2026-01-13T21:20:04.544613Z
936117402,94376.69,0.10595836,2026-01-13T21:20:04.541180Z
936117401,94376.69,0.09731,2026-01-13T21:20:04.541180Z
936117400,94382.19,0.00019336,2026-01-13T21:20:04.484225Z
936117399,94382.19,0.05999448,2026-01-13T21:20:04.484225Z
936117398,94382.19,0.02279098,2026-01-13T21:20:04.483791Z
936117397,94382.19,0.00576982,2026-01-13T21:20:04.483449Z
936117396,94382.19,0.0065327,2026-01-13T21:20:04.482665Z
936117395,94382.19,0.00514245,2026-01-13T21:20:04.482415Z
936117394,94382.19,0.00026858,2026-01-13T21:20:04.481913Z
936117393,94382.19,0.00032171,2026-01-13T21:20:04.480882Z
936117392,94382.19,0.00133759,2026-01-13T21:20:04.480542Z
936117391,94382.19,0.00199152,2026-01-13T21:20:04.479025Z
936117390,94382.19,0.00223976,2026-01-13T21:20:04.478922Z
936117389,94382.19,0.00394282,2026-01-13T21:20:04.478881Z
936117388,94382.19,0.00069196,2026-01-13T21:20:04.476586Z
936117387,94382.19,0.00951634,2026-01-13T21:20:04.475967Z
936117386,94382.19,0.00059684,2026-01-13T21:20:04.475913Z
936117385,94382.19,0.00253862,2026-01-13T21:20:04.474977Z
936117384,94382.19,0.00970768,2026-01-13T21:20:04.474977Z
936117383,94382.19,0.0004029,2026-01-13T21:20:04.473789Z
936117382,94382.19,0.00124298,2026-01-13T21:20:04.473046Z
936117381,94382.19,0.00026317,2026-01-13T21:20:04.472465Z
936117380,94382.19,0.00127931,2026-01-13T21:20:04.471973Z
936117379,94382.19,0.00075638,2026-01-13T21:20:04.471335Z
936117378,94382.19,0.0033674,2026-01-13T21:20:04.470599Z
936117377,94382.19,0.0023024,2026-01-13T21:20:04.470343Z
936117376,94382.19,0.00141042,2026-01-13T21:20:04.464936Z
936117375,94382.19,0.00028033,2026-01-13T21:20:04.463590Z
936117374,94382.19,0.00051602,2026-01-13T21:20:04.463390Z
936117373,94382.19,0.000429,2026-01-13T21:20:04.462933Z
936117372,94382.19,0.00043563,2026-01-13T21:20:04.462577Z
936117371,94382.19,0.00089418,2026-01-13T21:20:04.461777Z
936117370,94382.19,0.00215357,2026-01-13T21:20:04.460762Z
936117369,94382.19,0.00075936,2026-01-13T21:20:04.457514Z
936117368,94382.19,0.00124403,2026-01-13T21:20:04.457129Z
936117367,94382.19,0.00080408,2026-01-13T21:20:04.455429Z
936117366,94382.19,0.00068231,2026-01-13T21:20:04.454270Z
936117365,94382.19,0.00260542,2026-01-13T21:20:04.453869Z
936117364,94382.19,0.00024989,2026-01-13T21:20:04.453668Z
936117363,94382.19,0.00077441,2026-01-13T21:20:04.451457Z
936117362,94382.19,0.00095897,2026-01-13T21:20:04.450965Z
936117361,94382.19,0.00055403,2026-01-13T21:20:04.449632Z
936117360,94382.19,0.01359639,2026-01-13T21:20:04.448906Z
936117359,94382.19,0.0006009,2026-01-13T21:20:04.448586Z
936117358,94382.19,0.00129972,2026-01-13T21:20:04.447999Z
936117357,94382.19,0.05304712,2026-01-13T21:20:04.442448Z
936117356,94382.19,0.00000001,2026-01-13T21:20:04.397845Z
936117355,94382.19,0.00000001,2026-01-13T21:20:04.261397Z
936117354,94382.19,0.00000001,2026-01-13T21:20:03.468251Z
936117353,94382.19,0.00000001,2026-01-13T21:20:03.182498Z
936117352,94382.19,0.005,2026-01-13T21:20:03.106500Z
936117351,94382.19,0.00000001,2026-01-13T21:20:03.024555Z
936117349,94378.01,0.00026891,2026-01-13T21:20:02.683660Z
936117350,94378.01,0.10595688,2026-01-13T21:20:02.683660Z
936117348,94382.2,0.00762695,2026-01-13T21:20:02.409962Z
936117347,94382.2,0.00063606,2026-01-13T21:20:02.409184Z
936117346,94382.2,0.00742049,2026-01-13T21:20:02.408696Z
936117345,94382.2,0.0055128,2026-01-13T21:20:02.407879Z
936117344,94382.6,0.00043193,2026-01-13T21:20:02.403907Z
936117343,94382.6,0.01546083,2026-01-13T21:20:02.402663Z
936117342,94384.02,0.0061388,2026-01-13T21:20:02.393176Z
936117341,94384.02,0.00171997,2026-01-13T21:20:02.393173Z
936117340,94384.02,0.00587267,2026-01-13T21:20:02.392907Z
936117339,94384.02,0.0566888,2026-01-13T21:20:02.392708Z
936117338,94384.02,0.00000001,2026-01-13T21:20:02.051132Z
936117336,94384.03,0.00138667,2026-01-13T21:20:01.933139Z
936117337,94384.03,0.00002983,2026-01-13T21:20:01.933139Z
936117333,94384.03,0.00103937,2026-01-13T21:20:01.933139Z
936117334,94384.03,0.00303843,2026-01-13T21:20:01.933139Z
936117335,94384.03,0.00153064,2026-01-13T21:20:01.933139Z
936117332,94384.03,0.05297506,2026-01-13T21:20:01.933139Z
936117331,94384.02,0.00000001,2026-01-13T21:20:01.802179Z
936117330,94382.2,0.0001862,2026-01-13T21:20:01.714992Z
936117327,94382.2,0.00122449,2026-01-13T21:20:01.714992Z
936117328,94382.2,0.00000868,2026-01-13T21:20:01.714992Z
936117329,94382.2,0.03180875,2026-01-13T21:20:01.714992Z
936117326,94382.2,0.04884452,2026-01-13T21:20:01.714992Z
936117324,94382.2,0.00287595,2026-01-13T21:20:01.714301Z
936117325,94382.2,0.05710766,2026-01-13T21:20:01.714301Z
936117323,94382.2,0.07712405,2026-01-13T21:20:01.713851Z
936117322,94382.2,0.16,2026-01-13T21:20:01.713851Z
936117321,94382.2,0.04,2026-01-13T21:20:01.713851Z
936117320,94382.2,0.0052976,2026-01-13T21:20:01.713851Z
936117319,94382.19,0.00000001,2026-01-13T21:20:01.587560Z
936117318,94382.19,0.005,2026-01-13T21:20:01.583952Z
936117317,94382.19,0.00000001,2026-01-13T21:20:01.213769Z
936117316,94382.19,0.00000001,2026-01-13T21:20:01.006862Z
936117315,94382.19,0.00000001,2026-01-13T21:20:00.882463Z
936117314,94378.44,0.02,2026-01-13T21:20:00.872753Z
936117312,94378.44,0.08,2026-01-13T21:20:00.872753Z
936117313,94378.44,0.04,2026-01-13T21:20:00.872753Z
936117311,94378.01,0.00617028,2026-01-13T21:20:00.872460Z
936117309,94378,0.00002649,2026-01-13T21:20:00.872460Z
936117310,94378.01,0.00022624,2026-01-13T21:20:00.872460Z
936117308,94376.69,0.00031617,2026-01-13T21:20:00.855864Z
936117307,94376.69,0.10595836,2026-01-13T21:20:00.855864Z
936117306,94376.68,0.00000001,2026-01-13T21:20:00.551227Z
936117305,94376.68,0.00000001,2026-01-13T21:20:00.340537Z
936117304,94376.68,0.00000001,2026-01-13T21:20:00.134756Z
936117303,94378,0.0009401,2026-01-13T21:19:59.803103Z
936117302,94378,0.00268231,2026-01-13T21:19:59.802265Z
936117301,94378,0.00224017,2026-01-13T21:19:59.798981Z
936117300,94378,0.00028167,2026-01-13T21:19:59.798785Z
936117299,94378,0.00027932,2026-01-13T21:19:59.798418Z
936117298,94378,0.0002693,2026-01-13T21:19:59.795162Z
936117297,94378,0.00622302,2026-01-13T21:19:59.795115Z
936117296,94378,0.00372164,2026-01-13T21:19:59.794491Z
936117295,94378,0.00000001,2026-01-13T21:19:59.790107Z
936117293,94378,0.01228593,2026-01-13T21:19:59.789782Z
936117294,94378,0.00377399,2026-01-13T21:19:59.789782Z
936117292,94378,0.00220175,2026-01-13T21:19:59.789734Z
936117291,94378,0.00011375,2026-01-13T21:19:59.789712Z
936117290,94378,0.00256091,2026-01-13T21:19:59.788455Z
936117287,94378,0.01982345,2026-01-13T21:19:59.785484Z
936117288,94378,0.0322,2026-01-13T21:19:59.785484Z
936117289,94378,0.00138783,2026-01-13T21:19:59.785484Z
936117286,94378,0.00212311,2026-01-13T21:19:59.702438Z
936117285,94378,0.02187883,2026-01-13T21:19:59.700721Z
936117284,94378,0.00132586,2026-01-13T21:19:59.699831Z
936117283,94378,0.00020422,2026-01-13T21:19:59.670286Z
936117282,94378,0.01747143,2026-01-13T21:19:59.670199Z
936117280,94378,0.00475658,2026-01-13T21:19:59.640775Z
936117281,94378,0.00102381,2026-01-13T21:19:59.640775Z
936117279,94378,0.00517857,2026-01-13T21:19:59.640434Z
936117278,94378,0.00723672,2026-01-13T21:19:59.637013Z
936117277,94378,0.00000001,2026-01-13T21:19:59.636655Z
936117276,94378,0.01486968,2026-01-13T21:19:59.610583Z
936117275,94378,0.00015844,2026-01-13T21:19:59.609637Z
936117274,94380,0.001099,2026-01-13T21:19:59.599410Z
936117273,94380,0.00025993,2026-01-13T21:19:59.598991Z
936117272,94380,0.00131947,2026-01-13T21:19:59.587365Z
936117271,94380,0.00117223,2026-01-13T21:19:59.586142Z
936117270,94380,0.01300936,2026-01-13T21:19:59.578775Z
936117269,94380,0.00021074,2026-01-13T21:19:59.578719Z
936117268,94380,0.0003384,2026-01-13T21:19:59.578163Z
936117267,94380,0.00245493,2026-01-13T21:19:59.578008Z
936117266,94380,0.00023484,2026-01-13T21:19:59.574549Z
936117265,94380,0.00322933,2026-01-13T21:19:59.574276Z
936117264,94380,0.00887177,2026-01-13T21:19:59.570064Z
936117263,94382,0.00230365,2026-01-13T21:19:59.538637Z
936117262,94382,0.00019097,2026-01-13T21:19:59.538554Z
936117261,94382,0.00243163,2026-01-13T21:19:59.538370Z
936117260,94382,0.01574622,2026-01-13T21:19:59.532800Z
936117259,94384.02,0.00000169,2026-01-13T21:19:59.506235Z
936117258,94384.02,0.00010732,2026-01-13T21:19:59.506235Z
936117257,94384.02,0.00185813,2026-01-13T21:19:59.506235Z
936117256,94384.02,0.00545551,2026-01-13T21:19:59.502697Z
936117255,94384.02,0.01453718,2026-01-13T21:19:59.496321Z
936117254,94384.02,0.00000001,2026-01-13T21:19:59.490459Z
936117253,94384.02,0.00048361,2026-01-13T21:19:59.477869Z
936117252,94384.02,0.00284038,2026-01-13T21:19:59.477080Z
936117251,94384.02,0.0031675,2026-01-13T21:19:59.473594Z
936117250,94384.02,0.0057033,2026-01-13T21:19:59.473562Z
936117249,94384.02,0.01433024,2026-01-13T21:19:59.451070Z
936117248,94384.02,0.0004779,2026-01-13T21:19:59.432498Z
936117247,94384.02,0.00170446,2026-01-13T21:19:59.431892Z
936117246,94384.02,0.00107545,2026-01-13T21:19:59.429491Z
936117245,94384.02,0.00073196,2026-01-13T21:19:59.428484Z
936117244,94384.02,0.00074344,2026-01-13T21:19:59.427175Z
936117243,94384.02,0.00110218,2026-01-13T21:19:59.426486Z
936117242,94384.02,0.00028084,2026-01-13T21:19:59.425726Z
936117241,94384.02,0.00088162,2026-01-13T21:19:59.424964Z
936117240,94384.02,0.00090947,2026-01-13T21:19:59.423573Z
936117239,94384.02,0.00158823,2026-01-13T21:19:59.422834Z
936117238,94384.02,0.00266146,2026-01-13T21:19:59.420987Z
936117237,94384.02,0.01555708,2026-01-13T21:19:59.420499Z
936117236,94384.02,0.00019202,2026-01-13T21:19:59.420305Z
936117235,94384.02,0.0115155,2026-01-13T21:19:59.416782Z
936117234,94384.02,0.00017319,2026-01-13T21:19:59.402277Z
936117233,94384.02,0.00440673,2026-01-13T21:19:59.402211Z
936117232,94384.02,0.00058463,2026-01-13T21:19:59.398348Z
936117231,94384.02,0.00058651,2026-01-13T21:19:59.395860Z
936117230,94384.02,0.00039875,2026-01-13T21:19:59.395179Z
936117229,94384.02,0.00060075,2026-01-13T21:19:59.395009Z
936117228,94384.02,0.00077195,2026-01-13T21:19:59.394213Z
936117227,94384.02,0.00028661,2026-01-13T21:19:59.392761Z
936117226,94384.02,0.00042116,2026-01-13T21:19:59.392503Z
936117225,94384.02,0.00118262,2026-01-13T21:19:59.392100Z
936117224,94384.02,0.00079717,2026-01-13T21:19:59.390168Z
936117223,94384.02,0.00056392,2026-01-13T21:19:59.389344Z
936117222,94384.02,0.01667028,2026-01-13T21:19:59.388799Z
936117220,94384.02,0.00005286,2026-01-13T21:19:59.388427Z
936117221,94384.02,0.00834967,2026-01-13T21:19:59.388427Z
936117219,94384.02,0.00003345,2026-01-13T21:19:59.388427Z
936117218,94384.02,0.00021874,2026-01-13T21:19:59.384567Z
936117217,94384.02,0.05440619,2026-01-13T21:19:59.384296Z
936117216,94384.02,0.00528561,2026-01-13T21:19:59.250339Z
936117215,94384.02,0.00000001,2026-01-13T21:19:59.113638Z
936117214,94384.02,0.00000001,2026-01-13T21:19:58.640870Z
936117213,94384.02,0.00000001,2026-01-13T21:19:58.521060Z
936117212,94396.53,0.00607501,2026-01-13T21:19:58.280041Z
936117211,94396.53,0.00154004,2026-01-13T21:19:58.278959Z
936117210,94396.53,0.00448149,2026-01-13T21:19:58.272707Z
936117209,94396.53,0.00044551,2026-01-13T21:19:58.267703Z
936117208,94396.53,0.00040453,2026-01-13T21:19:58.267311Z
936117207,94396.53,0.00845425,2026-01-13T21:19:58.266813Z
936117206,94396.53,0.00075062,2026-01-13T21:19:58.266467Z
936117205,94396.53,0.00015445,2026-01-13T21:19:58.266459Z
936117204,94396.53,0.00044555,2026-01-13T21:19:58.265771Z
936117203,94396.53,0.00016442,2026-01-13T21:19:58.265243Z
936117202,94396.53,0.01387269,2026-01-13T21:19:58.265231Z
936117201,94396.53,0.00748335,2026-01-13T21:19:58.262990Z
936117200,94396.53,0.00024104,2026-01-13T21:19:58.261400Z
936117199,94396.53,0.00281978,2026-01-13T21:19:58.261145Z
936117197,94396.54,0.09731,2026-01-13T21:19:58.221909Z
936117198,94396.54,0.02932788,2026-01-13T21:19:58.221909Z
936117196,94396.53,0.00045292,2026-01-13T21:19:58.217978Z
936117195,94396.53,0.00406923,2026-01-13T21:19:58.217331Z
936117194,94396.53,0.0042771,2026-01-13T21:19:58.211948Z
936117193,94396.53,0.00024838,2026-01-13T21:19:58.211738Z
936117192,94396.53,0.00304476,2026-01-13T21:19:58.211573Z
936117191,94396.53,0.00150895,2026-01-13T21:19:58.211544Z
936117190,94396.53,0.00324304,2026-01-13T21:19:58.207767Z
936117189,94396.53,0.00034803,2026-01-13T21:19:58.203781Z
936117188,94396.53,0.00000001,2026-01-13T21:19:58.201800Z
936117187,94396.53,0.00364178,2026-01-13T21:19:58.201554Z
936117186,94396.53,0.01461307,2026-01-13T21:19:58.169556Z
936117184,94396.13,0.007731,2026-01-13T21:19:58.160730Z
936117185,94398.73,0.00424174,2026-01-13T21:19:58.160730Z
936117181,94382.03,0.09731,2026-01-13T21:19:58.160730Z
936117182,94392.08,0.09718478,2026-01-13T21:19:58.160730Z
936117183,94392.1,0.09731,2026-01-13T21:19:58.160730Z
936117180,94392.09,0.00502931,2026-01-13T21:19:58.139882Z
936117179,94392.09,0.01563548,2026-01-13T21:19:58.134403Z
936117178,94392.09,0.01261224,2026-01-13T21:19:58.133739Z
936117177,94395.55,0.08278,2026-01-13T21:19:58.112719Z
936117173,94385.31,0.09731,2026-01-13T21:19:58.097231Z
936117174,94385.31,0.10594869,2026-01-13T21:19:58.097231Z
936117175,94398.59,0.06590809,2026-01-13T21:19:58.097231Z
936117176,94398.6,0.04436524,2026-01-13T21:19:58.097231Z
936117172,94385.3,0.00000001,2026-01-13T21:19:58.038813Z
936117171,94398.6,0.04508293,2026-01-13T21:19:58.031752Z
936117168,94385.31,0.0000804,2026-01-13T21:19:58.031752Z
936117169,94385.31,0.09731,2026-01-13T21:19:58.031752Z
936117170,94398.59,0.09148428,2026-01-13T21:19:58.031752Z
936117166,94385.31,0.008804,2026-01-13T21:19:58.031752Z
936117167,94385.31,0.10594869,2026-01-13T21:19:58.031752Z
936117165,94385.3,0.02140325,2026-01-13T21:19:58.016477Z
936117164,94385.3,0.00048533,2026-01-13T21:19:58.014860Z
936117163,94385.3,0.01664538,2026-01-13T21:19:58.012778Z
936117162,94381.99,0.00889713,2026-01-13T21:19:57.995688Z
936117161,94381.99,0.00027463,2026-01-13T21:19:57.993755Z
936117160,94381.99,0.00010632,2026-01-13T21:19:57.993601Z
936117159,94381.99,0.00609405,2026-01-13T21:19:57.993512Z
936117158,94381.99,0.01837459,2026-01-13T21:19:57.993116Z
936117157,94381.99,0.00103239,2026-01-13T21:19:57.992916Z
936117156,94383.07,0.01424272,2026-01-13T21:19:57.982601Z
936117155,94383.07,0.00095844,2026-01-13T21:19:57.980066Z
936117154,94383.07,0.0024423,2026-01-13T21:19:57.979847Z
936117153,94383.07,0.06513654,2026-01-13T21:19:57.976828Z
936117152,94383.06,0.00000001,2026-01-13T21:19:57.881985Z
936117148,94376.01,0.10595913,2026-01-13T21:19:57.872568Z
936117149,94387.61,0.004909,2026-01-13T21:19:57.872568Z
936117147,94376.01,0.00027207,2026-01-13T21:19:57.872568Z
936117150,94387.63,0.09029028,2026-01-13T21:19:57.872568Z
936117145,94376.01,0.04,2026-01-13T21:19:57.872568Z
936117151,94387.64,0.15124,2026-01-13T21:19:57.872568Z
936117146,94376.01,0.09731,2026-01-13T21:19:57.872568Z
936117143,94376.01,0.00600713,2026-01-13T21:19:57.872568Z
936117144,94376.01,0.08,2026-01-13T21:19:57.872568Z
936117142,94376,0.00024847,2026-01-13T21:19:57.811794Z
936117141,94376,0.00608438,2026-01-13T21:19:57.811162Z
936117140,94376,0.0020495,2026-01-13T21:19:57.809580Z
936117139,94376,0.05510419,2026-01-13T21:19:57.807055Z
936117137,94376.01,0.10595913,2026-01-13T21:19:57.777514Z
936117138,94376.01,0.01399287,2026-01-13T21:19:57.777514Z
936117136,94376,0.0008839,2026-01-13T21:19:57.739558Z
936117132,94393.61,0.09043356,2026-01-13T21:19:57.677880Z
936117133,94395.53,0.32292861,2026-01-13T21:19:57.677880Z
936117131,94390.72,0.00061888,2026-01-13T21:19:57.677880Z
936117134,94397.14,0.152621,2026-01-13T21:19:57.677880Z
936117135,94398.29,0.254366,2026-01-13T21:19:57.677880Z
936117130,94389,0.15124,2026-01-13T21:19:57.677880Z
936117124,94380,0.0322,2026-01-13T21:19:57.677880Z
