fill_id,trade_id,order_id,ticker,market_ticker,side,action,count,price,yes_price,no_price,yes_price_fixed,no_price_fixed,is_taker,client_order_id,created_time,ts
1885d1cd-1e83-590c-1197-d534e0b42db1,1885d1cd-1e83-590c-1197-d534e0b42db1,cc2dd124-2737-44e6-a1ed-a8cfb50fd560,KXBTC15M-26JAN181100-00,KXBTC15M-26JAN181100-00,no,buy,1,0.96,96,4,0.9600,0.0400,True,,2026-01-18T15:57:26.954919Z,1768751846
5e7a428b-39b6-4b39-b702-52c390c5ebd9,5e7a428b-39b6-4b39-b702-52c390c5ebd9,cf975943-158c-42c2-8c71-c347cd8dc82b,KXBTC15M-26JAN180715-15,KXBTC15M-26JAN180715-15,yes,buy,1,0.52,52,48,0.5200,0.4800,True,,2026-01-18T12:01:51.444052Z,1768737711
eeff087b-260e-7f21-23a6-13128ef7583d,eeff087b-260e-7f21-23a6-13128ef7583d,a3b60bff-1262-4fc4-a958-d3338a0164d2,KXBTC15M-26JAN180715-15,KXBTC15M-26JAN180715-15,yes,buy,1,0.52,52,48,0.5200,0.4800,True,,2026-01-18T12:01:23.093294Z,1768737683
89cf6c98-c532-4fe0-e892-4ac703dee052,89cf6c98-c532-4fe0-e892-4ac703dee052,32b4a5f9-d5f4-403b-9dc0-42f002a66f90,KXBTC15M-26JAN180700-00,KXBTC15M-26JAN180700-00,yes,buy,2,0.97,97,3,0.9700,0.0300,True,,2026-01-18T11:58:38.030549Z,1768737518
9626147b-3734-664e-5502-8eb0f279979b,9626147b-3734-664e-5502-8eb0f279979b,4b1ddd51-3ba5-4857-b34d-63b3f2b5cd0c,KXBTC15M-26JAN180700-00,KXBTC15M-26JAN180700-00,yes,buy,1,0.93,93,7,0.9300,0.0700,True,,2026-01-18T11:58:08.726832Z,1768737488
d63f5abe-835d-7183-388d-74f8ec795a49,d63f5abe-835d-7183-388d-74f8ec795a49,3ea1d810-9577-4ffe-a683-571fc3a6ac59,KXBTC15M-26JAN180700-00,KXBTC15M-26JAN180700-00,no,buy,1,0.77,77,23,0.7700,0.2300,True,,2026-01-18T11:48:14.656421Z,1768736894
18b96cca-f674-5c68-c6d1-6e57ac0b2155,18b96cca-f674-5c68-c6d1-6e57ac0b2155,ac56846d-20f7-4532-9c05-f9f3fc145717,KXBTC15M-26JAN180700-00,KXBTC15M-26JAN180700-00,no,buy,1,0.73,73,27,0.7300,0.2700,True,,2026-01-18T11:47:45.711952Z,1768736865
72391f76-0c66-48ff-4743-2ffdb863394b,72391f76-0c66-48ff-4743-2ffdb863394b,bc6311b2-960f-415f-b3d0-ef395dec3ef8,KXBTC15M-26JAN180700-00,KXBTC15M-26JAN180700-00,no,buy,1,0.7,70,30,0.7000,0.3000,True,,2026-01-18T11:47:18.78819Z,1768736838
c02c4c12-ae19-73f9-94b1-bb250c591a3b,c02c4c12-ae19-73f9-94b1-bb250c591a3b,35137808-d61c-4e7a-89c9-a60af4b559ca,KXBTC15M-26JAN180645-45,KXBTC15M-26JAN180645-45,yes,buy,1,0.98,98,2,0.9800,0.0200,True,,2026-01-18T11:43:43.816739Z,1768736623
273c858c-7cf9-552e-2dbb-d056b174faca,273c858c-7cf9-552e-2dbb-d056b174faca,44950be3-cf11-460e-a5f0-a99fa933236f,KXBTC15M-26JAN180645-45,KXBTC15M-26JAN180645-45,yes,buy,1,0.96,96,4,0.9600,0.0400,True,,2026-01-18T11:43:14.652342Z,1768736594
5ad05067-0486-56c3-7bda-622e99e81bd9,5ad05067-0486-56c3-7bda-622e99e81bd9,5952f97f-4eea-442d-bcf9-339a70105633,KXBTC15M-26JAN180645-45,KXBTC15M-26JAN180645-45,no,buy,1,0.39,39,61,0.3900,0.6100,True,,2026-01-18T11:42:11.937813Z,1768736531
8ff85874-d8c7-70ab-7bce-96aec197bff1,8ff85874-d8c7-70ab-7bce-96aec197bff1,5440ce9b-af3c-4d3c-b126-8d677585d2fb,KXBTC15M-26JAN180645-45,KXBTC15M-26JAN180645-45,no,buy,1,0.87,87,13,0.8700,0.1300,True,,2026-01-18T11:41:45.453327Z,1768736505
3e8b2325-c69d-4ab7-42f4-695c9d391a17,3e8b2325-c69d-4ab7-42f4-695c9d391a17,fb15a14f-ced0-4048-bd27-b6f355891d8a,KXBTC15M-26JAN180630-30,KXBTC15M-26JAN180630-30,no,buy,1,0.06,6,94,0.0600,0.9400,True,,2026-01-18T11:28:30.885056Z,1768735710
9bf6ddd6-2b81-697c-d41b-129124b4981a,9bf6ddd6-2b81-697c-d41b-129124b4981a,732ab8bd-f59e-4b65-9e72-5b8a5f93773b,KXBTC15M-26JAN180630-30,KXBTC15M-26JAN180630-30,no,buy,1,0.15,15,85,0.1500,0.8500,True,,2026-01-18T11:28:02.981675Z,1768735682
23f35f12-49a0-41ba-1eca-7911edf16869,23f35f12-49a0-41ba-1eca-7911edf16869,40d6add9-7911-4218-ac2d-d47f6340aa61,KXBTC15M-26JAN180630-30,KXBTC15M-26JAN180630-30,no,buy,1,0.18,18,82,0.1800,0.8200,True,,2026-01-18T11:27:21.100242Z,1768735641
813af053-f415-404d-421f-22aceaf9eca2,813af053-f415-404d-421f-22aceaf9eca2,82ffe4a0-32e5-42aa-b934-ec01e92e554b,KXBTC15M-26JAN180630-30,KXBTC15M-26JAN180630-30,yes,buy,1,0.23,23,77,0.2300,0.7700,True,,2026-01-18T11:24:52.399162Z,1768735492
c7330898-49e7-61fb-d68d-c15f3332171f,c7330898-49e7-61fb-d68d-c15f3332171f,c5f3ad69-b458-4b4b-9333-7fe697066eab,KXBTC15M-26JAN180630-30,KXBTC15M-26JAN180630-30,yes,buy,1,0.49,49,51,0.4900,0.5100,True,,2026-01-18T11:23:35.196451Z,1768735415
5f61d2b9-4076-4391-6d27-d2a92d49ef3a,5f61d2b9-4076-4391-6d27-d2a92d49ef3a,29020efb-8033-4026-b325-c98de54f52e5,KXBTC15M-26JAN180630-30,KXBTC15M-26JAN180630-30,yes,buy,1,0.32,32,68,0.3200,0.6800,True,,2026-01-18T11:19:03.042126Z,1768735143
2c4a4e6f-909f-6567-73ab-8e8e03984e07,2c4a4e6f-909f-6567-73ab-8e8e03984e07,d34737a9-b130-48b6-bf09-4dc70d570dfd,KXBTC15M-26JAN180600-00,KXBTC15M-26JAN180600-00,yes,buy,2,0.97,97,3,0.9700,0.0300,True,,2026-01-18T10:58:35.569839Z,1768733915
ccf5d8f8-ec43-481c-3342-e6c04dea4cd5,ccf5d8f8-ec43-481c-3342-e6c04dea4cd5,9993da8b-4d8f-40ab-afc0-222e5766b475,KXBTC15M-26JAN180600-00,KXBTC15M-26JAN180600-00,yes,buy,1,0.93,93,7,0.9300,0.0700,True,,2026-01-18T10:58:09.018523Z,1768733889
1e8c2738-5144-7ef0-a4ee-93f6372454b1,1e8c2738-5144-7ef0-a4ee-93f6372454b1,ddec3483-2aa6-4eff-8411-1ca61ef36d1c,KXBTC15M-26JAN180600-00,KXBTC15M-26JAN180600-00,no,buy,1,0.52,52,48,0.5200,0.4800,True,,2026-01-18T10:52:08.111662Z,1768733528
733caa5b-0889-47ef-69b3-86bd3b26f250,733caa5b-0889-47ef-69b3-86bd3b26f250,51a6c43c-829b-416a-b02d-aa19f2f9f248,KXBTC15M-26JAN180600-00,KXBTC15M-26JAN180600-00,no,buy,1,0.55,55,45,0.5500,0.4500,True,,2026-01-18T10:46:54.949979Z,1768733214
92af0ba5-f329-52bf-abe2-d7c1cf5c56a4,92af0ba5-f329-52bf-abe2-d7c1cf5c56a4,29c22c43-3c73-443e-80b9-fe46cfe75b75,KXBTC15M-26JAN180600-00,KXBTC15M-26JAN180600-00,no,buy,1,0.55,55,45,0.5500,0.4500,True,,2026-01-18T10:46:23.770347Z,1768733183
90129b8b-8a1d-5fa4-8e0d-e70ee239abc2,90129b8b-8a1d-5fa4-8e0d-e70ee239abc2,9f7fb0ac-7873-44d8-841a-8555821db331,KXBTC15M-26JAN180545-45,KXBTC15M-26JAN180545-45,yes,buy,1,0.98,98,2,0.9800,0.0200,True,,2026-01-18T10:43:43.479114Z,1768733023
3678f868-ec51-6f54-437c-7f09e9fd9e6d,3678f868-ec51-6f54-437c-7f09e9fd9e6d,4963a94b-3a06-4a89-ba45-3dbced37eedb,KXBTC15M-26JAN180545-45,KXBTC15M-26JAN180545-45,yes,buy,2,0.97,97,3,0.9700,0.0300,True,,2026-01-18T10:43:32.570338Z,1768733012
2c09ba5b-143f-5c1c-9745-93d0d2a6ec3a,2c09ba5b-143f-5c1c-9745-93d0d2a6ec3a,fffee7e8-9994-4430-8953-f32721f318c3,KXBTC15M-26JAN180545-45,KXBTC15M-26JAN180545-45,no,buy,1,0.71,71,29,0.7100,0.2900,True,,2026-01-18T10:33:45.29683Z,1768732425
24adcd56-8807-6085-538d-597c0866738a,24adcd56-8807-6085-538d-597c0866738a,01cbe85a-e568-48ec-b23d-b9180a090a0e,KXBTC15M-26JAN180545-45,KXBTC15M-26JAN180545-45,no,buy,1,0.64,64,36,0.6400,0.3600,True,,2026-01-18T10:33:00.723408Z,1768732380
6861c6cb-aa69-58a5-ed77-db2c6d037df8,6861c6cb-aa69-58a5-ed77-db2c6d037df8,6ee1e7f4-c1cb-44ee-9fd2-50dcc4fe2ffe,KXBTC15M-26JAN180545-45,KXBTC15M-26JAN180545-45,no,buy,1,0.62,62,38,0.6200,0.3800,True,,2026-01-18T10:32:37.232381Z,1768732357
3663bdf0-ce5f-73db-67af-13d4701daa11,3663bdf0-ce5f-73db-67af-13d4701daa11,986033d2-a272-4ee4-be29-3fe2db1191ef,KXBTC15M-26JAN180530-30,KXBTC15M-26JAN180530-30,no,buy,1,0.21,21,79,0.2100,0.7900,True,,2026-01-18T10:27:09.944732Z,1768732029
2b532623-5ea8-685e-71d1-51e2fe760b92,2b532623-5ea8-685e-71d1-51e2fe760b92,8f6f700e-2a34-4823-b948-83c71c46a898,KXBTC15M-26JAN180530-30,KXBTC15M-26JAN180530-30,no,buy,1,0.29,29,71,0.2900,0.7100,True,,2026-01-18T10:24:13.439565Z,1768731853
d6ed6266-9789-5063-435d-67e584e9c8a8,d6ed6266-9789-5063-435d-67e584e9c8a8,fb038f63-8006-4761-b56e-37c367c854c6,KXBTC15M-26JAN180530-30,KXBTC15M-26JAN180530-30,no,buy,1,0.46,46,54,0.4600,0.5400,True,,2026-01-18T10:16:01.683279Z,1768731361
f37336f7-ea05-5c42-4850-2d1f42dc7a3d,f37336f7-ea05-5c42-4850-2d1f42dc7a3d,c3e28b90-cb22-46eb-bc63-3e2928a10ac3,KXBTC15M-26JAN180515-15,KXBTC15M-26JAN180515-15,yes,buy,1,0.22,22,78,0.2200,0.7800,True,,2026-01-18T10:02:47.025346Z,1768730567
95b163dd-176c-73c9-a51b-e80cce67fd91,95b163dd-176c-73c9-a51b-e80cce67fd91,3b68dd71-be6f-4ccc-83e7-9c61e5d7abf9,KXBTC15M-26JAN180515-15,KXBTC15M-26JAN180515-15,yes,buy,1,0.65,65,35,0.6500,0.3500,True,,2026-01-18T10:01:07.578681Z,1768730467
b729dd09-a0e9-687e-0af4-4ebffa7353ee,b729dd09-a0e9-687e-0af4-4ebffa7353ee,4b8219cc-5068-48f6-a409-d94f74be03c7,KXBTC15M-26JAN180500-00,KXBTC15M-26JAN180500-00,yes,buy,1,0.47,47,53,0.4700,0.5300,True,,2026-01-18T09:46:33.485126Z,1768729593
2d1e6c09-5531-4aee-470a-9960a2b312d6,2d1e6c09-5531-4aee-470a-9960a2b312d6,2d0ff58c-6d1e-4052-b776-6cb8a28e1389,KXBTC15M-26JAN180500-00,KXBTC15M-26JAN180500-00,yes,buy,1,0.47,47,53,0.4700,0.5300,True,,2026-01-18T09:46:04.114729Z,1768729564
6aaac237-cb30-4c81-d694-38adcc31dc2f,6aaac237-cb30-4c81-d694-38adcc31dc2f,f3b0feb2-7c09-4224-9980-8cd5fa6b8b1f,KXBTC15M-26JAN180445-45,KXBTC15M-26JAN180445-45,no,buy,1,0.72,72,28,0.7200,0.2800,True,,2026-01-18T09:33:02.85547Z,1768728782
47a35814-e17f-4dbf-da49-39b9c6d60c82,47a35814-e17f-4dbf-da49-39b9c6d60c82,01364656-7f63-401a-965f-935855ed5376,KXBTC15M-26JAN180445-45,KXBTC15M-26JAN180445-45,no,buy,1,0.74,74,26,0.7400,0.2600,True,,2026-01-18T09:32:32.459763Z,1768728752
b500267d-e429-7993-d505-f17439d3336d,b500267d-e429-7993-d505-f17439d3336d,ec0580c4-1b4f-4d63-9820-8187fe24bee9,KXBTC15M-26JAN180445-45,KXBTC15M-26JAN180445-45,no,buy,1,0.76,76,24,0.7600,0.2400,True,,2026-01-18T09:31:52.165639Z,1768728712
fa56d032-5cb2-5eb0-ff6c-be2f0de63df6,fa56d032-5cb2-5eb0-ff6c-be2f0de63df6,3d1571dd-6ea6-4751-919f-e42696c182f9,KXBTC15M-26JAN180430-30,KXBTC15M-26JAN180430-30,yes,buy,1,0.94,94,6,0.9400,0.0600,True,,2026-01-18T09:28:08.953931Z,1768728488
767c4bb0-eee1-7608-8919-0c0e801fac40,767c4bb0-eee1-7608-8919-0c0e801fac40,6b8e0c89-cadc-4ccd-8b27-43d711e50e11,KXBTC15M-26JAN180430-30,KXBTC15M-26JAN180430-30,yes,buy,1,0.89,89,11,0.8900,0.1100,True,,2026-01-18T09:27:04.660487Z,1768728424
ca1c5bc7-2e6f-431e-02ef-f1f9192155a9,ca1c5bc7-2e6f-431e-02ef-f1f9192155a9,9398ebf0-0a4e-431a-a2a9-d581901f6deb,KXBTC15M-26JAN180430-30,KXBTC15M-26JAN180430-30,yes,buy,1,0.77,77,23,0.7700,0.2300,True,,2026-01-18T09:22:12.60087Z,1768728132
982aebec-1dbb-69eb-8f08-389b67a2bb76,982aebec-1dbb-69eb-8f08-389b67a2bb76,5b89285d-579c-4a92-8b75-83160e84e86b,KXBTC15M-26JAN180430-30,KXBTC15M-26JAN180430-30,no,buy,1,0.69,69,31,0.6900,0.3100,True,,2026-01-18T09:19:53.492035Z,1768727993
1424f856-7a11-5a97-b590-dfdd721aa004,1424f856-7a11-5a97-b590-dfdd721aa004,94ff6c49-ab7a-460a-81de-d43a84d447a2,KXBTC15M-26JAN180430-30,KXBTC15M-26JAN180430-30,no,buy,1,0.69,69,31,0.6900,0.3100,True,,2026-01-18T09:18:45.796582Z,1768727925
b3c9b002-53e7-4254-7606-8801efd4428f,b3c9b002-53e7-4254-7606-8801efd4428f,5074284e-021f-4131-bf18-a9d08b76fac8,KXBTC15M-26JAN180430-30,KXBTC15M-26JAN180430-30,no,buy,1,0.69,69,31,0.6900,0.3100,True,,2026-01-18T09:17:07.8837Z,1768727827
3b62e4bb-3b72-6462-f225-2365d70f9ccc,3b62e4bb-3b72-6462-f225-2365d70f9ccc,7fb17fb5-525a-48bf-936a-378b38f43164,KXBTC15M-26JAN180415-15,KXBTC15M-26JAN180415-15,no,buy,1,0.11,11,89,0.1100,0.8900,True,,2026-01-18T09:12:38.230284Z,1768727558
7d83c01e-a81e-5746-4725-6fd5d92885d7,7d83c01e-a81e-5746-4725-6fd5d92885d7,b0b1fa54-0dec-4451-bddb-137c165d522e,KXBTC15M-26JAN180415-15,KXBTC15M-26JAN180415-15,no,buy,2,0.2,20,80,0.2000,0.8000,True,,2026-01-18T09:12:19.341244Z,1768727539
cdf46440-d69e-6949-63a7-c23d6150238f,cdf46440-d69e-6949-63a7-c23d6150238f,37e93eb1-74e3-49bc-bd9d-6df605008000,KXBTC15M-26JAN180415-15,KXBTC15M-26JAN180415-15,yes,buy,1,0.45,45,55,0.4500,0.5500,True,,2026-01-18T09:06:06.475343Z,1768727166
f9cc8b76-ed00-734f-9532-66c74643596b,f9cc8b76-ed00-734f-9532-66c74643596b,c50c9d42-7c1f-4cbf-813d-24fc5ae62cdc,KXBTC15M-26JAN180415-15,KXBTC15M-26JAN180415-15,yes,buy,1,0.44,44,56,0.4400,0.5600,True,,2026-01-18T09:04:37.994861Z,1768727077
155b7097-a64f-7ad4-ca99-8a1b31a130db,155b7097-a64f-7ad4-ca99-8a1b31a130db,c160fe0f-ae4c-4ccf-944c-4d7daded6955,KXBTC15M-26JAN180415-15,KXBTC15M-26JAN180415-15,yes,buy,1,0.5,50,50,0.5000,0.5000,True,,2026-01-18T09:04:00.577281Z,1768727040
05f6d118-9948-59cd-7b0d-845d9b0351b9,05f6d118-9948-59cd-7b0d-845d9b0351b9,54f3a334-ed31-4781-b39d-294c75ef8a7e,KXBTC15M-26JAN180400-00,KXBTC15M-26JAN180400-00,yes,buy,1,0.35,35,65,0.3500,0.6500,True,,2026-01-18T08:47:55.387484Z,1768726075
98df9263-1803-6d1b-acb5-764c88eb723d,98df9263-1803-6d1b-acb5-764c88eb723d,27c7e7d0-4ab2-4a31-87a5-3e409a081f1c,KXBTC15M-26JAN180345-45,KXBTC15M-26JAN180345-45,no,buy,1,0.54,54,46,0.5400,0.4600,True,,2026-01-18T08:37:38.305692Z,1768725458
eda033ae-4d79-6c9a-6f2f-05ac7e2e9813,eda033ae-4d79-6c9a-6f2f-05ac7e2e9813,3b960dac-f052-4a58-bf7e-ff1bf25be408,KXBTC15M-26JAN180345-45,KXBTC15M-26JAN180345-45,yes,buy,1,0.62,62,38,0.6200,0.3800,True,,2026-01-18T08:36:59.777083Z,1768725419
29fb3432-d514-7894-1df9-d2a3a63d0c06,29fb3432-d514-7894-1df9-d2a3a63d0c06,bcb55457-c752-4ffd-a4b9-37521901ef6d,KXBTC15M-26JAN180345-45,KXBTC15M-26JAN180345-45,no,buy,1,0.62,62,38,0.6200,0.3800,True,,2026-01-18T08:33:59.458635Z,1768725239
05f6ba26-39a8-5a01-6e1e-2406b5fcc841,05f6ba26-39a8-5a01-6e1e-2406b5fcc841,412d1598-3311-44ac-b931-794fc8bd0e84,KXBTC15M-26JAN180345-45,KXBTC15M-26JAN180345-45,no,buy,1,0.61,61,39,0.6100,0.3900,True,,2026-01-18T08:33:32.644758Z,1768725212
976ea5a2-c72d-5996-f26c-289dbe341e00,976ea5a2-c72d-5996-f26c-289dbe341e00,37e6d211-b268-4716-9e6d-78c63a58a4d6,KXBTC15M-26JAN180345-45,KXBTC15M-26JAN180345-45,no,buy,1,0.69,69,31,0.6900,0.3100,True,,2026-01-18T08:32:56.071775Z,1768725176
293b80b6-43bd-6c39-f219-ecb935ba86a5,293b80b6-43bd-6c39-f219-ecb935ba86a5,1b07148d-9054-4b79-9f82-9e8b2f1c5e9a,KXBTC15M-26JAN180330-30,KXBTC15M-26JAN180330-30,no,buy,1,0.41,41,59,0.4100,0.5900,True,,2026-01-18T08:19:58.749081Z,1768724398
580990f0-34e8-48d3-cf07-ab36fa088fcf,580990f0-34e8-48d3-cf07-ab36fa088fcf,496d52a2-da84-4309-9027-b5aaddf812e6,KXBTC15M-26JAN180330-30,KXBTC15M-26JAN180330-30,no,buy,1,0.4,40,60,0.4000,0.6000,True,,2026-01-18T08:19:20.389368Z,1768724360
71a5376d-1e91-6d5f-d126-41dd32319cb6,71a5376d-1e91-6d5f-d126-41dd32319cb6,1ca7ac59-9f3f-4b5d-9dbc-148a9a4611e8,KXBTC15M-26JAN180330-30,KXBTC15M-26JAN180330-30,no,buy,1,0.38,38,62,0.3800,0.6200,True,,2026-01-18T08:18:58.35188Z,1768724338
2365c92d-b5b6-5662-33b2-4c0028477f85,2365c92d-b5b6-5662-33b2-4c0028477f85,1bb09e41-3c90-4576-a7d2-df65297c1f7a,KXBTC15M-26JAN180315-15,KXBTC15M-26JAN180315-15,no,buy,1,0.45,45,55,0.4500,0.5500,True,,2026-01-18T08:02:21.524535Z,1768723341
90ec5725-83ab-498a-cc02-bfac7fc328df,90ec5725-83ab-498a-cc02-bfac7fc328df,88390cc7-a5c7-434a-9619-072f900a4f36,KXBTC15M-26JAN180315-15,KXBTC15M-26JAN180315-15,no,buy,1,0.59,59,41,0.5900,0.4100,True,,2026-01-18T08:01:51.263851Z,1768723311
a31428b0-737f-53b5-8937-afc9fd57f07b,a31428b0-737f-53b5-8937-afc9fd57f07b,33f9676f-21a6-448d-87c1-7338ba6f76b2,KXBTC15M-26JAN180315-15,KXBTC15M-26JAN180315-15,no,buy,1,0.55,55,45,0.5500,0.4500,True,,2026-01-18T08:01:25.174613Z,1768723285
3ea569e3-7dc1-637a-a7ac-070adf37588f,3ea569e3-7dc1-637a-a7ac-070adf37588f,f215a5dd-e357-4b94-87fc-414048c8b1a9,KXBTC15M-26JAN180300-00,KXBTC15M-26JAN180300-00,yes,buy,1,0.98,98,2,0.9800,0.0200,True,,2026-01-18T07:58:30.130392Z,1768723110
79a60e3d-1c21-5dd3-9984-4624cae842e1,79a60e3d-1c21-5dd3-9984-4624cae842e1,fa283ade-b5a8-4694-84e3-4b300cb2665d,KXBTC15M-26JAN180300-00,KXBTC15M-26JAN180300-00,yes,buy,2,0.97,97,3,0.9700,0.0300,True,,2026-01-18T07:58:21.574049Z,1768723101
6974bb48-7df5-4226-229b-da4120d124df,6974bb48-7df5-4226-229b-da4120d124df,51c83291-08ac-432b-ae7e-ebfbb9ab87ff,KXBTC15M-26JAN180300-00,KXBTC15M-26JAN180300-00,no,buy,1,0.72,72,28,0.7200,0.2800,True,,2026-01-18T07:52:10.341251Z,1768722730
2136e72a-70ac-52d5-12fe-38fcc5946b90,2136e72a-70ac-52d5-12fe-38fcc5946b90,617b32ad-56e3-45ca-a62c-d3fb59ba2c82,KXBTC15M-26JAN180300-00,KXBTC15M-26JAN180300-00,no,buy,1,0.71,71,29,0.7100,0.2900,True,,2026-01-18T07:49:27.142212Z,1768722567
8be96467-000c-57ed-3a63-64fa10cf0a27,8be96467-000c-57ed-3a63-64fa10cf0a27,c07cc209-9a8c-4588-a9f8-fae1f9744676,KXBTC15M-26JAN180300-00,KXBTC15M-26JAN180300-00,no,buy,1,0.75,75,25,0.7500,0.2500,True,,2026-01-18T07:48:59.192072Z,1768722539
980e8c8a-4c8c-4dc3-e264-01c0dbb0f9f8,980e8c8a-4c8c-4dc3-e264-01c0dbb0f9f8,a5364169-8935-43ff-906e-1431a23d6036,KXBTC15M-26JAN180230-30,KXBTC15M-26JAN180230-30,yes,buy,2,0.98,98,2,0.9800,0.0200,True,,2026-01-18T07:29:05.650729Z,1768721345
a6db4ef9-f767-7a06-8c6e-ef62adaea09c,a6db4ef9-f767-7a06-8c6e-ef62adaea09c,66af4943-6f4d-4f41-82a4-3c19f42c330b,KXBTC15M-26JAN180230-30,KXBTC15M-26JAN180230-30,yes,buy,2,0.96,96,4,0.9600,0.0400,True,,2026-01-18T07:28:39.695316Z,1768721319
ec2113f6-4a7a-733e-32db-f9af22472cf8,ec2113f6-4a7a-733e-32db-f9af22472cf8,af31f4aa-b67d-4ce1-ac2e-02b92d691e8b,KXBTC15M-26JAN180230-30,KXBTC15M-26JAN180230-30,yes,buy,3,0.84,84,16,0.8400,0.1600,True,,2026-01-18T07:28:10.941348Z,1768721290
c59628bf-f9ae-5db2-e53c-7e3e9ffc3631,c59628bf-f9ae-5db2-e53c-7e3e9ffc3631,b8cef575-3033-456e-9f34-aa2c0fa0867b,KXBTC15M-26JAN180230-30,KXBTC15M-26JAN180230-30,no,buy,1,0.83,83,17,0.8300,0.1700,True,,2026-01-18T07:24:33.845205Z,1768721073
eab9eb2e-756e-7673-a8de-f43b7b1585c7,eab9eb2e-756e-7673-a8de-f43b7b1585c7,d2d37257-1d62-4dfb-8904-70a546fca4a6,KXBTC15M-26JAN180230-30,KXBTC15M-26JAN180230-30,no,buy,1,0.61,61,39,0.6100,0.3900,True,,2026-01-18T07:23:31.435709Z,1768721011
e37f3caf-92ff-7c8f-eee1-25aa8e02ba7c,e37f3caf-92ff-7c8f-eee1-25aa8e02ba7c,5e57a8af-3250-4c6f-9cd6-5d939f4516bd,KXBTC15M-26JAN180230-30,KXBTC15M-26JAN180230-30,no,buy,1,0.52,52,48,0.5200,0.4800,True,,2026-01-18T07:22:43.896672Z,1768720963
16b873f3-694c-5b76-72f5-c259a8bd46d1,16b873f3-694c-5b76-72f5-c259a8bd46d1,8243a09d-3711-4790-b354-fec2e215622a,KXBTC15M-26JAN180230-30,KXBTC15M-26JAN180230-30,no,buy,1,0.52,52,48,0.5200,0.4800,True,,2026-01-18T07:22:21.984748Z,1768720941
933dd6d4-e89f-6d9a-c218-0d0f88e90687,933dd6d4-e89f-6d9a-c218-0d0f88e90687,0419407d-e4f7-4b3f-9cb9-892d2193dde0,KXBTC15M-26JAN180230-30,KXBTC15M-26JAN180230-30,no,buy,1,0.51,51,49,0.5100,0.4900,True,,2026-01-18T07:22:00.47595Z,1768720920
4445a11f-91d7-752a-c2dd-278261869be4,4445a11f-91d7-752a-c2dd-278261869be4,f05cc276-2c79-4d6a-9208-e0ad29df0b8a,KXBTC15M-26JAN180230-30,KXBTC15M-26JAN180230-30,no,buy,1,0.53,53,47,0.5300,0.4700,True,,2026-01-18T07:21:12.82819Z,1768720872
51d920bd-69ac-5021-8633-6b87acd22523,51d920bd-69ac-5021-8633-6b87acd22523,11fbb95a-5116-47dd-88dd-6d3354d68292,KXBTC15M-26JAN180230-30,KXBTC15M-26JAN180230-30,no,buy,1,0.48,48,52,0.4800,0.5200,True,,2026-01-18T07:19:46.516209Z,1768720786
8a495705-b316-75c5-d6df-3bbdfee6ca6a,8a495705-b316-75c5-d6df-3bbdfee6ca6a,510af457-864e-4c58-9d1a-386194d4db6e,KXBTC15M-26JAN180215-15,KXBTC15M-26JAN180215-15,no,buy,1,0.63,63,37,0.6300,0.3700,True,,2026-01-18T07:05:46.371416Z,1768719946
b7244789-2639-5487-1a9f-1e23f943e168,b7244789-2639-5487-1a9f-1e23f943e168,2399b42c-a36d-4721-a672-b6d4f19c7eda,KXBTC15M-26JAN180215-15,KXBTC15M-26JAN180215-15,no,buy,1,0.58,58,42,0.5800,0.4200,True,,2026-01-18T07:04:29.220023Z,1768719869
94579c21-417e-73a8-c1a4-e7892220e3ad,94579c21-417e-73a8-c1a4-e7892220e3ad,706d7967-ded1-4ff8-91b3-29474cd6a46b,KXBTC15M-26JAN180215-15,KXBTC15M-26JAN180215-15,no,buy,1,0.5,50,50,0.5000,0.5000,True,,2026-01-18T07:02:37.889475Z,1768719757
46f79385-90a6-5278-f674-541d001aa6c5,46f79385-90a6-5278-f674-541d001aa6c5,44c57a8e-eaa7-478c-9c47-05a244583531,KXBTC15M-26JAN180215-15,KXBTC15M-26JAN180215-15,no,buy,1,0.5,50,50,0.5000,0.5000,True,,2026-01-18T07:02:07.704541Z,1768719727
25d00dea-af2b-6b9f-86c7-85092da8e711,25d00dea-af2b-6b9f-86c7-85092da8e711,3e001b82-7592-489a-8b6e-aa38b3875b21,KXBTC15M-26JAN180145-45,KXBTC15M-26JAN180145-45,yes,buy,4,0.96,96,4,0.9600,0.0400,True,,2026-01-18T06:43:32.754606Z,1768718612
bb9bd006-e86a-713f-c81e-ab882df02d13,bb9bd006-e86a-713f-c81e-ab882df02d13,69a6b5aa-122d-4d40-9647-a2cade8fe1b7,KXBTC15M-26JAN180145-45,KXBTC15M-26JAN180145-45,yes,buy,3,0.98,98,2,0.9800,0.0200,True,,2026-01-18T06:43:05.94213Z,1768718585
301b4f30-2211-4231-4eb2-7c0e5887e163,301b4f30-2211-4231-4eb2-7c0e5887e163,46c57765-4bfa-42ef-b6fb-78e8e1cd616c,KXBTC15M-26JAN180145-45,KXBTC15M-26JAN180145-45,no,buy,1,0.8,80,20,0.8000,0.2000,True,,2026-01-18T06:38:03.921728Z,1768718283
30aa94da-74ad-4684-cc24-8a6d06ff5461,30aa94da-74ad-4684-cc24-8a6d06ff5461,59e99700-e2ae-4364-929b-d4c94950b32a,KXBTC15M-26JAN180145-45,KXBTC15M-26JAN180145-45,no,buy,1,0.79,79,21,0.7900,0.2100,True,,2026-01-18T06:37:33.732192Z,1768718253
50075188-ad32-51f2-6b4d-a40e17a48245,50075188-ad32-51f2-6b4d-a40e17a48245,a19ed81a-6c7d-45d2-bba6-976dfa4a7d94,KXBTC15M-26JAN180145-45,KXBTC15M-26JAN180145-45,no,buy,1,0.76,76,24,0.7600,0.2400,True,,2026-01-18T06:36:55.587529Z,1768718215
7da22aaa-5310-5257-7dcb-a442b24e847b,7da22aaa-5310-5257-7dcb-a442b24e847b,54c5d42c-0306-465a-b60e-61333f8f85e6,KXBTC15M-26JAN180145-45,KXBTC15M-26JAN180145-45,no,buy,1,0.68,68,32,0.6800,0.3200,True,,2026-01-18T06:36:33.051738Z,1768718193
9816cd87-e49b-4133-62eb-66a8b8553d1b,9816cd87-e49b-4133-62eb-66a8b8553d1b,36328012-5c82-4085-bedb-0e9d2a04614b,KXBTC15M-26JAN180145-45,KXBTC15M-26JAN180145-45,no,buy,1,0.65,65,35,0.6500,0.3500,True,,2026-01-18T06:36:07.657606Z,1768718167
11906899-584b-4791-e52d-ab18b3fd9a6b,11906899-584b-4791-e52d-ab18b3fd9a6b,6e9a0d2b-cd61-4290-981e-664b36d3a2be,KXBTC15M-26JAN180145-45,KXBTC15M-26JAN180145-45,no,buy,1,0.64,64,36,0.6400,0.3600,True,,2026-01-18T06:35:16.369718Z,1768718116
a8bf5f40-35c7-4e7e-1648-cf1065f3e67c,a8bf5f40-35c7-4e7e-1648-cf1065f3e67c,48cb98d5-515d-43f0-ab95-165d4c9d2dce,KXBTC15M-26JAN180145-45,KXBTC15M-26JAN180145-45,no,buy,1,0.43,43,57,0.4300,0.5700,True,,2026-01-18T06:31:00.607998Z,1768717860
425a4fbd-7b11-4592-4745-3c29001d4301,425a4fbd-7b11-4592-4745-3c29001d4301,a18d0cf6-9803-42fa-b975-2aa8555029f9,KXBTC15M-26JAN180130-30,KXBTC15M-26JAN180130-30,no,buy,1,0.27,27,73,0.2700,0.7300,True,,2026-01-18T06:22:57.3788Z,1768717377
074e6afb-7377-6614-ee2a-8ad31d9a03fc,074e6afb-7377-6614-ee2a-8ad31d9a03fc,51376291-a449-4b24-9137-f3365231ed1c,KXBTC15M-26JAN180130-30,KXBTC15M-26JAN180130-30,no,buy,1,0.24,24,76,0.2400,0.7600,True,,2026-01-18T06:22:37.217777Z,1768717357
4ebf5a9b-b763-78fe-e0af-df4c60a8f72e,4ebf5a9b-b763-78fe-e0af-df4c60a8f72e,55f41e6a-2273-4d5e-9694-f686bc484808,KXBTC15M-26JAN180015-15,KXBTC15M-26JAN180015-15,no,buy,1,0.12,12,88,0.1200,0.8800,True,,2026-01-18T05:11:07.17158Z,1768713067
fbeed82b-7c1d-43da-bb5a-cbf1630692a8,fbeed82b-7c1d-43da-bb5a-cbf1630692a8,c860e49b-580f-42f8-8049-580da1256514,KXBTC15M-26JAN180015-15,KXBTC15M-26JAN180015-15,no,buy,4,0.14,14,86,0.1400,0.8600,True,,2026-01-18T05:10:50.900243Z,1768713050
0f6ed165-d49a-533f-0319-cee059bdab3e,0f6ed165-d49a-533f-0319-cee059bdab3e,fb38a243-101b-465d-ab61-299eb2c229d8,KXBTC15M-26JAN180015-15,KXBTC15M-26JAN180015-15,no,buy,1,0.22,22,78,0.2200,0.7800,True,,2026-01-18T05:08:36.172912Z,1768712916
0cdde940-a7f7-5761-4866-1909cc92c1ce,0cdde940-a7f7-5761-4866-1909cc92c1ce,18976045-8fb7-47c9-b4f7-8d597990362c,KXBTC15M-26JAN180015-15,KXBTC15M-26JAN180015-15,yes,buy,1,0.14,14,86,0.1400,0.8600,True,,2026-01-18T05:05:53.837488Z,1768712753
6e46112d-cbe3-5ea4-4f2c-4eb2eaa46164,6e46112d-cbe3-5ea4-4f2c-4eb2eaa46164,c3709c39-aee2-47b2-be09-aee693eec511,KXBTC15M-26JAN180015-15,KXBTC15M-26JAN180015-15,yes,buy,1,0.16,16,84,0.1600,0.8400,True,,2026-01-18T05:05:30.335937Z,1768712730
3890b515-2c8a-4995-ad19-83b5a9b09b26,3890b515-2c8a-4995-ad19-83b5a9b09b26,0386d6e1-d063-436a-81f3-281d909557ae,KXBTC15M-26JAN180015-15,KXBTC15M-26JAN180015-15,yes,buy,1,0.15,15,85,0.1500,0.8500,True,,2026-01-18T05:05:03.860249Z,1768712703
cf1e762a-c046-4043-7028-a5f38d275da9,cf1e762a-c046-4043-7028-a5f38d275da9,edc90eb9-ca3a-4032-b9b5-8af0f2d0a577,KXBTC15M-26JAN180015-15,KXBTC15M-26JAN180015-15,yes,buy,1,0.19,19,81,0.1900,0.8100,True,,2026-01-18T05:04:37.748991Z,1768712677
6d0ba40e-4010-4d23-96e9-e9a1d54a068c,6d0ba40e-4010-4d23-96e9-e9a1d54a068c,ecf3e794-138b-4080-8ee9-c70bf0e8c1e0,KXBTC15M-26JAN180015-15,KXBTC15M-26JAN180015-15,yes,buy,1,0.21,21,79,0.2100,0.7900,True,,2026-01-18T05:04:17.045726Z,1768712657
30e5fc32-1864-5d26-08b4-00143aef38ff,30e5fc32-1864-5d26-08b4-00143aef38ff,69c1b015-440e-4564-aff9-b925a37bad5d,KXBTC15M-26JAN180015-15,KXBTC15M-26JAN180015-15,yes,buy,1,0.23,23,77,0.2300,0.7700,True,,2026-01-18T05:03:47.948761Z,1768712627
033bb1d0-a212-4b99-d959-7a25367858e4,033bb1d0-a212-4b99-d959-7a25367858e4,33c43fa8-ffb0-42c5-93ad-911ce5ae12cb,KXBTC15M-26JAN180015-15,KXBTC15M-26JAN180015-15,yes,buy,1,0.22,22,78,0.2200,0.7800,True,,2026-01-18T05:03:26.19382Z,1768712606
ed40717e-886d-5a2b-c222-fa8c207034b9,ed40717e-886d-5a2b-c222-fa8c207034b9,27793a62-534f-4634-9d9b-af0490a75d29,KXBTC15M-26JAN172345-45,KXBTC15M-26JAN172345-45,no,buy,1,0.03,3,97,0.0300,0.9700,True,,2026-01-18T04:43:05.795248Z,1768711385
1c2aabe4-c961-44af-c40c-3a51ea4bd210,1c2aabe4-c961-44af-c40c-3a51ea4bd210,f4c5ff47-05f2-4027-925c-34299ab9ad6d,KXBTC15M-26JAN172345-45,KXBTC15M-26JAN172345-45,yes,buy,1,0.15,15,85,0.1500,0.8500,True,,2026-01-18T04:37:42.847977Z,1768711062
2ff5b545-08cc-79e9-d494-16ffb9633596,2ff5b545-08cc-79e9-d494-16ffb9633596,5752ed84-79a2-4f54-9222-288c02ea25e7,KXBTC15M-26JAN172330-30,KXBTC15M-26JAN172330-30,yes,buy,1,0.11,11,89,0.1100,0.8900,True,,2026-01-18T04:24:28.874792Z,1768710268
7cbc451e-efc3-5450-ea3b-6e962f5c73ef,7cbc451e-efc3-5450-ea3b-6e962f5c73ef,606e26ba-2003-4659-9022-91feccf73f62,KXBTC15M-26JAN172330-30,KXBTC15M-26JAN172330-30,yes,buy,1,0.12,12,88,0.1200,0.8800,True,,2026-01-18T04:23:57.754201Z,1768710237
2a5c1d90-6117-71ea-2b49-c31e0b59d320,2a5c1d90-6117-71ea-2b49-c31e0b59d320,7ae406cd-7493-4d8d-a910-05f631b16a04,KXBTC15M-26JAN172330-30,KXBTC15M-26JAN172330-30,yes,buy,1,0.27,27,73,0.2700,0.7300,True,,2026-01-18T04:23:19.286596Z,1768710199
94589dfb-74ae-782a-5979-f8cea689d611,94589dfb-74ae-782a-5979-f8cea689d611,78668707-979d-4f2c-b141-9a0f07f52a4f,KXBTC15M-26JAN172330-30,KXBTC15M-26JAN172330-30,no,buy,3,0.36,36,64,0.3600,0.6400,True,,2026-01-18T04:22:29.49303Z,1768710149
da45afd7-2549-5b9f-63e8-f91373fb64fd,da45afd7-2549-5b9f-63e8-f91373fb64fd,29f446ac-b2c5-44ff-be25-bac3f59a9dea,KXBTC15M-26JAN172330-30,KXBTC15M-26JAN172330-30,yes,buy,1,0.2,20,80,0.2000,0.8000,True,,2026-01-18T04:19:02.420937Z,1768709942
cf241397-9cb8-66b2-9f2d-171379263ab4,cf241397-9cb8-66b2-9f2d-171379263ab4,cccedbb1-2884-4b30-81c7-8bdbb8f1b6de,KXBTC15M-26JAN172330-30,KXBTC15M-26JAN172330-30,yes,buy,1,0.19,19,81,0.1900,0.8100,True,,2026-01-18T04:18:41.117481Z,1768709921
d2fc0f2e-479c-5aab-44a8-5aa2972f8a3b,d2fc0f2e-479c-5aab-44a8-5aa2972f8a3b,05ffe254-a76d-4568-beaf-769f4af7be8c,KXBTC15M-26JAN172330-30,KXBTC15M-26JAN172330-30,yes,buy,1,0.26,26,74,0.2600,0.7400,True,,2026-01-18T04:18:16.818457Z,1768709896
98bf4da0-485f-7420-e224-fb61bbd19970,98bf4da0-485f-7420-e224-fb61bbd19970,98a3641b-5eea-4df2-9866-cc80aa6f8d26,KXBTC15M-26JAN172330-30,KXBTC15M-26JAN172330-30,yes,buy,1,0.3,30,70,0.3000,0.7000,True,,2026-01-18T04:17:50.50558Z,1768709870
14969f67-644a-603b-136f-5119a13b3c7a,14969f67-644a-603b-136f-5119a13b3c7a,413a58d4-9b70-4bad-a360-bce5c70a4b74,KXBTC15M-26JAN172330-30,KXBTC15M-26JAN172330-30,yes,buy,1,0.31,31,69,0.3100,0.6900,True,,2026-01-18T04:16:59.962222Z,1768709819
549cd90b-21b4-48ea-7903-1b007d12c4d2,549cd90b-21b4-48ea-7903-1b007d12c4d2,0ba22b6d-018d-42ed-b745-a1338e39ca21,KXBTC15M-26JAN172330-30,KXBTC15M-26JAN172330-30,yes,buy,1,0.24,24,76,0.2400,0.7600,True,,2026-01-18T04:16:29.528155Z,1768709789
c22d27a6-d82f-4897-3a19-effcd52dd35d,c22d27a6-d82f-4897-3a19-effcd52dd35d,cf166243-f5ab-4212-a231-8670217d4ab7,KXBTC15M-26JAN172330-30,KXBTC15M-26JAN172330-30,yes,buy,1,0.31,31,69,0.3100,0.6900,True,,2026-01-18T04:16:05.584488Z,1768709765
fd10d0e5-adac-7bd2-7f9a-9e2458e49532,fd10d0e5-adac-7bd2-7f9a-9e2458e49532,d2f8550e-7beb-4f70-b3f3-3c010dc2682e,KXBTC15M-26JAN172315-15,KXBTC15M-26JAN172315-15,yes,buy,1,0.36,36,64,0.3600,0.6400,True,,2026-01-18T04:06:46.38375Z,1768709206
38c03e1c-cc37-406e-b6c6-ae0b260bf548,38c03e1c-cc37-406e-b6c6-ae0b260bf548,fbd3a58f-fea9-411e-836c-a23491105a62,KXBTC15M-26JAN172315-15,KXBTC15M-26JAN172315-15,yes,buy,1,0.21,21,79,0.2100,0.7900,True,,2026-01-18T04:04:58.656275Z,1768709098
b51017c9-4c45-406f-50db-a7aa0c364de7,b51017c9-4c45-406f-50db-a7aa0c364de7,582c4ef7-a333-40b2-ba8d-d66df5d563ba,KXBTC15M-26JAN172315-15,KXBTC15M-26JAN172315-15,yes,buy,1,0.24,24,76,0.2400,0.7600,True,,2026-01-18T04:04:38.098665Z,1768709078
04d9abed-20b7-4235-e2b5-cd49763a02f5,04d9abed-20b7-4235-e2b5-cd49763a02f5,ee639c8d-5108-4216-92ff-0d6661dccc06,KXBTC15M-26JAN172315-15,KXBTC15M-26JAN172315-15,yes,buy,1,0.21,21,79,0.2100,0.7900,True,,2026-01-18T04:04:05.940795Z,1768709045
c673fd54-acab-41f0-1c43-d4ed2f919c6a,c673fd54-acab-41f0-1c43-d4ed2f919c6a,9755a61a-78d6-428e-a42f-959cfc9186c5,KXBTC15M-26JAN172315-15,KXBTC15M-26JAN172315-15,yes,buy,1,0.25,25,75,0.2500,0.7500,True,,2026-01-18T04:03:38.283956Z,1768709018
9ebe16f8-c12d-44b8-2a46-f31690a07674,9ebe16f8-c12d-44b8-2a46-f31690a07674,c167da41-b425-4303-a80a-dd1f71357694,KXBTC15M-26JAN172315-15,KXBTC15M-26JAN172315-15,yes,buy,1,0.4,40,60,0.4000,0.6000,True,,2026-01-18T04:02:38.549098Z,1768708958
be6faa20-6763-4103-33f8-a9d27b7e491e,be6faa20-6763-4103-33f8-a9d27b7e491e,4d36331d-fdf6-4080-aa90-1ef5b60f8537,KXBTC15M-26JAN172315-15,KXBTC15M-26JAN172315-15,yes,buy,1,0.3,30,70,0.3000,0.7000,True,,2026-01-18T04:01:37.402166Z,1768708897
d0fcddc1-36c7-6deb-ecf9-ecdbdf9e7830,d0fcddc1-36c7-6deb-ecf9-ecdbdf9e7830,9cf98788-7f34-4b82-986e-3ffea199607d,KXBTC15M-26JAN172300-00,KXBTC15M-26JAN172300-00,yes,buy,1,0.92,92,8,0.9200,0.0800,True,,2026-01-18T03:58:32.934777Z,1768708712
7bf8f155-ba85-6727-da03-cc853e1d66b7,7bf8f155-ba85-6727-da03-cc853e1d66b7,9cf98788-7f34-4b82-986e-3ffea199607d,KXBTC15M-26JAN172300-00,KXBTC15M-26JAN172300-00,yes,buy,3,0.93,93,7,0.9300,0.0700,True,,2026-01-18T03:58:32.934777Z,1768708712
d1dd97e5-f52b-5507-77a5-5f6067dc910e,d1dd97e5-f52b-5507-77a5-5f6067dc910e,8f1af8b7-9266-4487-b653-63d0e8c27858,KXBTC15M-26JAN172300-00,KXBTC15M-26JAN172300-00,yes,buy,3,0.98,98,2,0.9800,0.0200,True,,2026-01-18T03:58:07.477932Z,1768708687
8547ee88-5bdc-7014-0dd2-7d9f14b8a7da,8547ee88-5bdc-7014-0dd2-7d9f14b8a7da,65cc0846-694f-4ebb-a476-5828f6184adc,KXBTC15M-26JAN172300-00,KXBTC15M-26JAN172300-00,no,buy,1,0.47,47,53,0.4700,0.5300,True,,2026-01-18T03:53:44.534394Z,1768708424
bbef945f-a44f-5180-bf3e-8e477bb7e666,bbef945f-a44f-5180-bf3e-8e477bb7e666,44c2d2a6-e61f-47eb-8310-2aa0406b38aa,KXBTC15M-26JAN172300-00,KXBTC15M-26JAN172300-00,no,buy,1,0.51,51,49,0.5100,0.4900,True,,2026-01-18T03:52:18.525009Z,1768708338
8a1ded38-7c32-691e-3074-f7dff6489830,8a1ded38-7c32-691e-3074-f7dff6489830,6e96eb67-cf41-48e0-aeb0-d6baf18fb213,KXBTC15M-26JAN172300-00,KXBTC15M-26JAN172300-00,no,buy,1,0.62,62,38,0.6200,0.3800,True,,2026-01-18T03:51:58.370311Z,1768708318
36d9e99c-f7d9-6bde-a8fd-c7f1e6ed0552,36d9e99c-f7d9-6bde-a8fd-c7f1e6ed0552,28e87bd7-0857-4bfc-8bfd-c3b1cb013a06,KXBTC15M-26JAN172300-00,KXBTC15M-26JAN172300-00,yes,buy,3,0.54,54,46,0.5400,0.4600,True,,2026-01-18T03:51:31.694039Z,1768708291
14730876-7286-4c98-2117-6fea2f700411,14730876-7286-4c98-2117-6fea2f700411,9fae0f3c-1a86-40a3-a6cf-0c5380e5c7c4,KXBTC15M-26JAN172300-00,KXBTC15M-26JAN172300-00,no,buy,1,0.71,71,29,0.7100,0.2900,True,,2026-01-18T03:50:23.467909Z,1768708223
eac1f702-efcb-7af5-c71a-66bb379debcf,eac1f702-efcb-7af5-c71a-66bb379debcf,597d7b0c-7ecb-4cbb-9ce6-6205732786da,KXBTC15M-26JAN172300-00,KXBTC15M-26JAN172300-00,no,buy,1,0.7,70,30,0.7000,0.3000,True,,2026-01-18T03:50:00.897445Z,1768708200
c1d33829-e681-54d9-44df-76ba95ba723a,c1d33829-e681-54d9-44df-76ba95ba723a,918b8551-5446-4478-b50c-916a2a2fbf70,KXBTC15M-26JAN172300-00,KXBTC15M-26JAN172300-00,no,buy,1,0.75,75,25,0.7500,0.2500,True,,2026-01-18T03:49:32.618591Z,1768708172
d3cc4c6a-4bd5-5845-534a-ae86094dc4af,d3cc4c6a-4bd5-5845-534a-ae86094dc4af,707e1360-aa8c-4771-bcde-465eba8b8263,KXBTC15M-26JAN172300-00,KXBTC15M-26JAN172300-00,no,buy,1,0.73,73,27,0.7300,0.2700,True,,2026-01-18T03:49:12.107831Z,1768708152
acc8f832-c26c-6f76-7b42-239bbccd5478,acc8f832-c26c-6f76-7b42-239bbccd5478,fc35f96a-092b-4bc0-b82c-5a08a2b9b0b6,KXBTC15M-26JAN172300-00,KXBTC15M-26JAN172300-00,no,buy,1,0.77,77,23,0.7700,0.2300,True,,2026-01-18T03:48:52.003199Z,1768708132
5410563e-91f5-4281-031f-feb594bd4c9e,5410563e-91f5-4281-031f-feb594bd4c9e,7925ae0f-f474-427a-a3e9-61845db379b3,KXBTC15M-26JAN172300-00,KXBTC15M-26JAN172300-00,no,buy,1,0.77,77,23,0.7700,0.2300,True,,2026-01-18T03:48:23.528218Z,1768708103
bec1c936-3898-469b-6659-82738c414ac7,bec1c936-3898-469b-6659-82738c414ac7,5bb7eecb-bfdc-42fd-b5d9-45a3ea46053b,KXBTC15M-26JAN172300-00,KXBTC15M-26JAN172300-00,no,buy,1,0.7,70,30,0.7000,0.3000,True,,2026-01-18T03:47:56.319541Z,1768708076
23da1889-dbcc-6d7b-4dcd-508fc3d481a0,23da1889-dbcc-6d7b-4dcd-508fc3d481a0,bb28ebba-efba-4a43-b9f8-1db0a7445446,KXBTC15M-26JAN172245-45,KXBTC15M-26JAN172245-45,yes,buy,2,0.98,98,2,0.9800,0.0200,True,,2026-01-18T03:43:35.402439Z,1768707815
20c3d46b-36b3-59b9-639e-b2849041f66a,20c3d46b-36b3-59b9-639e-b2849041f66a,81b27ebb-db31-4401-bd70-a075f254169c,KXBTC15M-26JAN172245-45,KXBTC15M-26JAN172245-45,yes,buy,2,0.97,97,3,0.9700,0.0300,True,,2026-01-18T03:43:07.969936Z,1768707787
5abfea88-3d5f-6455-8ba9-c95663d868fe,5abfea88-3d5f-6455-8ba9-c95663d868fe,7d53eb08-8959-491f-845f-b28df8aa846f,KXBTC15M-26JAN172245-45,KXBTC15M-26JAN172245-45,yes,buy,3,0.94,94,6,0.9400,0.0600,True,,2026-01-18T03:42:30.537815Z,1768707750
d0b64b91-1241-7d83-5de5-72669fa14aaa,d0b64b91-1241-7d83-5de5-72669fa14aaa,ce648c18-72ed-4eda-b0db-dec4f56e2d2b,KXBTC15M-26JAN172245-45,KXBTC15M-26JAN172245-45,no,buy,1,0.73,73,27,0.7300,0.2700,True,,2026-01-18T03:35:04.799179Z,1768707304
1c439e99-cfa2-73e0-a562-05bcadd41caf,1c439e99-cfa2-73e0-a562-05bcadd41caf,722589e5-d3c3-4f3e-8a44-2e83034fbcd1,KXBTC15M-26JAN172245-45,KXBTC15M-26JAN172245-45,no,buy,1,0.76,76,24,0.7600,0.2400,True,,2026-01-18T03:34:35.626231Z,1768707275
772ffaa4-84d7-4fdd-96a6-0b5e36febf47,772ffaa4-84d7-4fdd-96a6-0b5e36febf47,4e234e7a-4dcf-40b4-82ac-71c1b352f0ed,KXBTC15M-26JAN172245-45,KXBTC15M-26JAN172245-45,no,buy,1,0.76,76,24,0.7600,0.2400,True,,2026-01-18T03:34:09.800386Z,1768707249
1fc7dd5d-61f4-61c2-2f9b-5ccdfa195f0f,1fc7dd5d-61f4-61c2-2f9b-5ccdfa195f0f,1ca767d4-d0d9-4948-a846-54ef65692aaa,KXBTC15M-26JAN172245-45,KXBTC15M-26JAN172245-45,no,buy,1,0.78,78,22,0.7800,0.2200,True,,2026-01-18T03:33:44.569145Z,1768707224
28837a0b-f963-7e75-52c6-e58921d1be80,28837a0b-f963-7e75-52c6-e58921d1be80,f995abc1-11e8-4f1a-b757-a0680f26713d,KXBTC15M-26JAN172245-45,KXBTC15M-26JAN172245-45,no,buy,1,0.81,81,19,0.8100,0.1900,True,,2026-01-18T03:33:21.061732Z,1768707201
c5c2a3f4-78c9-5f20-5984-5f98f9512068,c5c2a3f4-78c9-5f20-5984-5f98f9512068,d540793f-a759-4513-b372-897b2f89661f,KXBTC15M-26JAN172245-45,KXBTC15M-26JAN172245-45,no,buy,1,0.79,79,21,0.7900,0.2100,True,,2026-01-18T03:32:51.360192Z,1768707171
204d5003-e22a-7fe8-d7e3-6002626ebd56,204d5003-e22a-7fe8-d7e3-6002626ebd56,3bf479b4-12a4-4ff8-9c0e-472192539528,KXBTC15M-26JAN172245-45,KXBTC15M-26JAN172245-45,no,buy,1,0.68,68,32,0.6800,0.3200,True,,2026-01-18T03:31:44.345337Z,1768707104
d90a9e93-dac9-7a6b-c7c6-bead7c5e20e8,d90a9e93-dac9-7a6b-c7c6-bead7c5e20e8,0f2b3049-ba7c-4e6c-9c99-4fabe756eb93,KXBTC15M-26JAN172230-30,KXBTC15M-26JAN172230-30,yes,buy,1,0.14,14,86,0.1400,0.8600,True,,2026-01-18T03:25:34.176864Z,1768706734
276c6b6d-e15d-51a1-768f-b25178490a07,276c6b6d-e15d-51a1-768f-b25178490a07,15ef394d-126b-47a9-b41a-e2ae32dd0a33,KXBTC15M-26JAN172230-30,KXBTC15M-26JAN172230-30,yes,buy,1,0.17,17,83,0.1700,0.8300,True,,2026-01-18T03:25:07.475301Z,1768706707
c2de5614-8089-45d3-302e-75c3ca55954c,c2de5614-8089-45d3-302e-75c3ca55954c,c9de0268-6cec-4182-a163-7d704ad406fa,KXBTC15M-26JAN172230-30,KXBTC15M-26JAN172230-30,yes,buy,1,0.2,20,80,0.2000,0.8000,True,,2026-01-18T03:24:41.927306Z,1768706681
6c365c28-dcf7-685e-3fb5-dd74aacfd7fb,6c365c28-dcf7-685e-3fb5-dd74aacfd7fb,b90791b8-7723-4a19-a7f8-5e1908e71929,KXBTC15M-26JAN172230-30,KXBTC15M-26JAN172230-30,yes,buy,1,0.26,26,74,0.2600,0.7400,True,,2026-01-18T03:23:46.378374Z,1768706626
fa0e02be-fddf-72b0-19bc-d76b90e971db,fa0e02be-fddf-72b0-19bc-d76b90e971db,6525e9fe-dd38-4db7-a2e1-9a6232867afb,KXBTC15M-26JAN172230-30,KXBTC15M-26JAN172230-30,yes,buy,1,0.3,30,70,0.3000,0.7000,True,,2026-01-18T03:22:37.36161Z,1768706557
e314db63-b9c6-5983-b7e8-a8fcbb1f4314,e314db63-b9c6-5983-b7e8-a8fcbb1f4314,950932da-6aa1-4559-8b28-a3cca86a3618,KXBTC15M-26JAN172230-30,KXBTC15M-26JAN172230-30,yes,buy,1,0.63,63,37,0.6300,0.3700,True,,2026-01-18T03:19:22.95567Z,1768706362
b5b9f70a-d8c5-4019-0a3d-6b62916dea35,b5b9f70a-d8c5-4019-0a3d-6b62916dea35,85112e63-4912-439d-a06d-57d5745848f4,KXBTC15M-26JAN172230-30,KXBTC15M-26JAN172230-30,yes,buy,1,0.43,43,57,0.4300,0.5700,True,,2026-01-18T03:17:20.338376Z,1768706240
b602b0a4-774e-64b7-f6e2-3088e0526a5d,b602b0a4-774e-64b7-f6e2-3088e0526a5d,955f6e65-73de-48a2-952f-bcc7c492c00a,KXBTC15M-26JAN172215-15,KXBTC15M-26JAN172215-15,no,buy,1,0.93,93,7,0.9300,0.0700,True,,2026-01-18T03:10:40.733261Z,1768705840
bf4a60d5-e34b-604a-0b2e-1e3729f0106f,bf4a60d5-e34b-604a-0b2e-1e3729f0106f,7e8d73e8-6cd5-4a83-a44a-d627fd2c6625,KXBTC15M-26JAN172215-15,KXBTC15M-26JAN172215-15,no,buy,1,0.91,91,9,0.9100,0.0900,True,,2026-01-18T03:10:13.951764Z,1768705813
4ebf8f83-9390-6e9d-6a74-487ea08f4f16,4ebf8f83-9390-6e9d-6a74-487ea08f4f16,9125a02a-694f-4bfe-bc41-900616d4b817,KXBTC15M-26JAN172215-15,KXBTC15M-26JAN172215-15,yes,buy,3,0.91,91,9,0.9100,0.0900,True,,2026-01-18T03:10:05.791652Z,1768705805
6e05dfc4-46f9-52a8-abaa-6be737749192,6e05dfc4-46f9-52a8-abaa-6be737749192,300c0039-eec8-44e0-8e03-4d087e7a98f5,KXBTC15M-26JAN172215-15,KXBTC15M-26JAN172215-15,no,buy,1,0.79,79,21,0.7900,0.2100,True,,2026-01-18T03:04:23.693803Z,1768705463
bd412881-39fd-4e96-0b84-e6db4898967e,bd412881-39fd-4e96-0b84-e6db4898967e,2add7859-92cf-41f0-ae38-3773623faadd,KXBTC15M-26JAN172215-15,KXBTC15M-26JAN172215-15,no,buy,1,0.79,79,21,0.7900,0.2100,True,,2026-01-18T03:04:02.382519Z,1768705442
a55d5d71-bed2-7aa1-4257-4666258669dc,a55d5d71-bed2-7aa1-4257-4666258669dc,0385683e-3ed9-4c5d-b86b-be3e7e887590,KXBTC15M-26JAN172215-15,KXBTC15M-26JAN172215-15,no,buy,1,0.75,75,25,0.7500,0.2500,True,,2026-01-18T03:03:33.933634Z,1768705413
35b8f3d4-5f27-4e27-91a7-d18379382c17,35b8f3d4-5f27-4e27-91a7-d18379382c17,98fbd10a-022c-425b-810b-f339cfd19978,KXBTC15M-26JAN172215-15,KXBTC15M-26JAN172215-15,no,buy,1,0.75,75,25,0.7500,0.2500,True,,2026-01-18T03:03:06.775818Z,1768705386
6840e64e-5dd8-4b61-2807-7ae9686616f2,6840e64e-5dd8-4b61-2807-7ae9686616f2,7cc3f45e-751b-4200-a5c4-953d75eedb43,KXBTC15M-26JAN172215-15,KXBTC15M-26JAN172215-15,no,buy,1,0.71,71,29,0.7100,0.2900,True,,2026-01-18T03:02:40.411097Z,1768705360
f450c95a-c859-53ab-b36e-32352cd7ca93,f450c95a-c859-53ab-b36e-32352cd7ca93,eba5a8c0-51c9-477c-8b9f-fb07da0903a5,KXBTC15M-26JAN172215-15,KXBTC15M-26JAN172215-15,no,buy,1,0.75,75,25,0.7500,0.2500,True,,2026-01-18T03:02:07.118033Z,1768705327
ecb393ea-d4c8-5857-488d-aeb782bcc4ff,ecb393ea-d4c8-5857-488d-aeb782bcc4ff,55ed49dc-f99f-4573-b348-cc547730ae1e,KXBTC15M-26JAN172215-15,KXBTC15M-26JAN172215-15,no,buy,1,0.65,65,35,0.6500,0.3500,True,,2026-01-18T03:01:40.744807Z,1768705300
2cbe7693-e511-564e-09af-a2d9c387cb93,2cbe7693-e511-564e-09af-a2d9c387cb93,12e1312f-fa4a-4405-a5d7-26f116e289b2,KXBTC15M-26JAN172200-00,KXBTC15M-26JAN172200-00,no,buy,2,0.93,93,7,0.9300,0.0700,True,,2026-01-18T02:55:51.532949Z,1768704951
6a4729e6-0d7f-7b29-a085-b40ccc28929b,6a4729e6-0d7f-7b29-a085-b40ccc28929b,93055e5d-a41c-4ed7-8253-64808ae546a6,KXBTC15M-26JAN172200-00,KXBTC15M-26JAN172200-00,no,buy,1,0.9,90,10,0.9000,0.1000,True,,2026-01-18T02:55:26.441397Z,1768704926
8e3e14f6-2e75-4e49-bcdc-5dcb9b32e431,8e3e14f6-2e75-4e49-bcdc-5dcb9b32e431,1c9d1900-6c77-4173-861f-0e3051e310e2,KXBTC15M-26JAN172200-00,KXBTC15M-26JAN172200-00,yes,buy,3,0.79,79,21,0.7900,0.2100,True,,2026-01-18T02:55:10.270831Z,1768704910
b0d75058-ee81-47c9-d27b-e6bdbb87862e,b0d75058-ee81-47c9-d27b-e6bdbb87862e,e7575c21-37d5-4390-91d0-95640622eb33,KXBTC15M-26JAN172200-00,KXBTC15M-26JAN172200-00,no,buy,1,0.66,66,34,0.6600,0.3400,True,,2026-01-18T02:51:15.240567Z,1768704675
734e47ee-5f75-7870-0482-113e6aa236f6,734e47ee-5f75-7870-0482-113e6aa236f6,7526d8d2-93bc-4ec3-ad02-e3cf5116fe0c,KXBTC15M-26JAN172200-00,KXBTC15M-26JAN172200-00,yes,buy,1,0.68,68,32,0.6800,0.3200,True,,2026-01-18T02:50:55.414076Z,1768704655
cdcdac49-b82a-7299-260c-ede159da29c8,cdcdac49-b82a-7299-260c-ede159da29c8,a624f9cc-6bda-4e6b-a989-1452b0b94857,KXBTC15M-26JAN172200-00,KXBTC15M-26JAN172200-00,no,buy,1,0.81,81,19,0.8100,0.1900,True,,2026-01-18T02:48:51.528825Z,1768704531
80196ec4-cff9-4581-3746-6032140fe713,80196ec4-cff9-4581-3746-6032140fe713,5cb1be3b-e487-4162-aae1-e014082a580b,KXBTC15M-26JAN172200-00,KXBTC15M-26JAN172200-00,no,buy,1,0.79,79,21,0.7900,0.2100,True,,2026-01-18T02:48:24.14907Z,1768704504
26d6bc5a-bc55-6695-75f9-36ca584fee81,26d6bc5a-bc55-6695-75f9-36ca584fee81,d4895312-1884-48d9-b290-03d154c10eb4,KXBTC15M-26JAN172200-00,KXBTC15M-26JAN172200-00,no,buy,1,0.78,78,22,0.7800,0.2200,True,,2026-01-18T02:47:53.989326Z,1768704473
daa7c885-7842-5146-f94c-9b0e33878def,daa7c885-7842-5146-f94c-9b0e33878def,65915ad7-9b4e-47d1-93b0-b44e2c770402,KXBTC15M-26JAN172200-00,KXBTC15M-26JAN172200-00,no,buy,1,0.69,69,31,0.6900,0.3100,True,,2026-01-18T02:47:32.358054Z,1768704452
062cb50a-22ea-6176-c736-a04f5fafa930,062cb50a-22ea-6176-c736-a04f5fafa930,0c73713e-0848-4af4-93af-41d06826fa5d,KXBTC15M-26JAN172200-00,KXBTC15M-26JAN172200-00,no,buy,1,0.66,66,34,0.6600,0.3400,True,,2026-01-18T02:47:07.327094Z,1768704427
580b001d-247d-512b-8c82-1f0bdecd4bbb,580b001d-247d-512b-8c82-1f0bdecd4bbb,597320a8-ec79-45bc-8cc7-fa9e1f65a907,KXBTC15M-26JAN172200-00,KXBTC15M-26JAN172200-00,no,buy,1,0.73,73,27,0.7300,0.2700,True,,2026-01-18T02:46:38.476532Z,1768704398
ab17f8b2-c94a-5a00-539b-6b762e37fb1f,ab17f8b2-c94a-5a00-539b-6b762e37fb1f,899676a2-c9bd-45bd-bb44-73c5fe9e704d,KXBTC15M-26JAN172200-00,KXBTC15M-26JAN172200-00,no,buy,1,0.73,73,27,0.7300,0.2700,True,,2026-01-18T02:46:17.01618Z,1768704377
5a5f7be8-89fc-648f-3be7-06988f010962,5a5f7be8-89fc-648f-3be7-06988f010962,4b3be9b9-adee-4ac7-a393-b8748d21844d,KXBTC15M-26JAN172145-45,KXBTC15M-26JAN172145-45,yes,buy,1,0.11,11,89,0.1100,0.8900,True,,2026-01-18T02:36:20.804747Z,1768703780
0516496b-810e-49e6-4318-fbe4a2bf3b10,0516496b-810e-49e6-4318-fbe4a2bf3b10,e5b8df57-8c14-4169-bba8-b4ac7c014378,KXBTC15M-26JAN172145-45,KXBTC15M-26JAN172145-45,yes,buy,1,0.15,15,85,0.1500,0.8500,True,,2026-01-18T02:35:59.011577Z,1768703759
3de77af8-afc8-4b4f-25c8-97f2dc56c38e,3de77af8-afc8-4b4f-25c8-97f2dc56c38e,149bb81a-376f-4354-ae9c-89a53e6a75c5,KXBTC15M-26JAN172145-45,KXBTC15M-26JAN172145-45,yes,buy,1,0.16,16,84,0.1600,0.8400,True,,2026-01-18T02:35:38.530755Z,1768703738
b6a13cd3-5d8c-7e0a-006f-1418bfd2a78f,b6a13cd3-5d8c-7e0a-006f-1418bfd2a78f,4e723304-8027-4c54-a6f2-66b08386deb0,KXBTC15M-26JAN172145-45,KXBTC15M-26JAN172145-45,yes,buy,2,0.09,9,91,0.0900,0.9100,True,,2026-01-18T02:35:13.969877Z,1768703713
ce73ffd1-24e9-790d-c22c-cdeab7495094,ce73ffd1-24e9-790d-c22c-cdeab7495094,83e38cbb-f54b-4df9-99a6-a76173b71dda,KXBTC15M-26JAN172145-45,KXBTC15M-26JAN172145-45,yes,buy,1,0.11,11,89,0.1100,0.8900,True,,2026-01-18T02:34:48.930442Z,1768703688
772efc0c-638c-709b-4d35-330946b104da,772efc0c-638c-709b-4d35-330946b104da,6b466724-40d2-4e61-bd51-a36742082ead,KXBTC15M-26JAN172145-45,KXBTC15M-26JAN172145-45,yes,buy,1,0.15,15,85,0.1500,0.8500,True,,2026-01-18T02:33:01.32133Z,1768703581
e0111c62-b7ff-5044-05a8-fc9d57bc0368,e0111c62-b7ff-5044-05a8-fc9d57bc0368,15521cdd-ad11-4640-a636-9be6e7e33cb0,KXBTC15M-26JAN172130-30,KXBTC15M-26JAN172130-30,no,buy,1,0.73,73,27,0.7300,0.2700,True,,2026-01-18T02:19:51.697394Z,1768702791
5645c00f-356f-5300-17f1-a912949b1807,5645c00f-356f-5300-17f1-a912949b1807,ff572a1f-3a48-4458-aaa6-e3a11378b4d0,KXBTC15M-26JAN172130-30,KXBTC15M-26JAN172130-30,no,buy,1,0.78,78,22,0.7800,0.2200,True,,2026-01-18T02:18:55.282543Z,1768702735
ce510b75-1e7d-7d81-6b93-4853c34eb751,ce510b75-1e7d-7d81-6b93-4853c34eb751,d9e46f96-ce87-4fe7-bf7d-09f28448b31f,KXBTC15M-26JAN172130-30,KXBTC15M-26JAN172130-30,no,buy,1,0.86,86,14,0.8600,0.1400,True,,2026-01-18T02:18:33.60115Z,1768702713
ce890e0c-972d-7495-0cd9-7648bec19105,ce890e0c-972d-7495-0cd9-7648bec19105,99d26ec8-acd3-4da2-a6af-86745b2b7a8a,KXBTC15M-26JAN172130-30,KXBTC15M-26JAN172130-30,no,buy,1,0.86,86,14,0.8600,0.1400,True,,2026-01-18T02:18:05.685442Z,1768702685
5c022e5f-73d8-4d8f-d2b3-4d1c00a9452f,5c022e5f-73d8-4d8f-d2b3-4d1c00a9452f,dcccec5d-ea8b-4255-9d80-3c1877a3d53b,KXBTC15M-26JAN172130-30,KXBTC15M-26JAN172130-30,no,buy,1,0.84,84,16,0.8400,0.1600,True,,2026-01-18T02:17:44.396811Z,1768702664
d57c9cf7-b00a-6f85-7e11-0287a8c53497,d57c9cf7-b00a-6f85-7e11-0287a8c53497,868ee09e-e946-4b17-beb1-e6e9d79d7144,KXBTC15M-26JAN172130-30,KXBTC15M-26JAN172130-30,no,buy,1,0.79,79,21,0.7900,0.2100,True,,2026-01-18T02:17:22.837017Z,1768702642
9a9b95fa-becb-66bd-89cd-53a947b5133f,9a9b95fa-becb-66bd-89cd-53a947b5133f,ae52a13b-7a78-4853-8e1b-b1fb3804ae44,KXBTC15M-26JAN172130-30,KXBTC15M-26JAN172130-30,no,buy,1,0.7,70,30,0.7000,0.3000,True,,2026-01-18T02:16:54.28293Z,1768702614
a528c88c-6988-798c-f2c7-4c7ac25ef20c,a528c88c-6988-798c-f2c7-4c7ac25ef20c,becd4516-0a2e-4f31-9b92-23ab6b15b12f,KXBTC15M-26JAN172115-15,KXBTC15M-26JAN172115-15,no,buy,2,0.93,93,7,0.9300,0.0700,True,,2026-01-18T02:11:32.770423Z,1768702292
28d5858f-b148-56f6-cd1b-261432f51768,28d5858f-b148-56f6-cd1b-261432f51768,6be8d658-4ac9-4597-94ef-96da33a14ac2,KXBTC15M-26JAN172115-15,KXBTC15M-26JAN172115-15,no,buy,1,0.91,91,9,0.9100,0.0900,True,,2026-01-18T02:10:49.91782Z,1768702249
bf5a07be-cb21-4ddb-3685-2f760355ae66,bf5a07be-cb21-4ddb-3685-2f760355ae66,a9155885-3fcb-4164-acbe-d8bec439f5b9,KXBTC15M-26JAN172115-15,KXBTC15M-26JAN172115-15,no,buy,1,0.92,92,8,0.9200,0.0800,True,,2026-01-18T02:09:48.440035Z,1768702188
8057f527-c895-6ce6-ea7e-eb957cc80062,8057f527-c895-6ce6-ea7e-eb957cc80062,466a7d1e-d7f4-497e-96e6-341ec6154ebf,KXBTC15M-26JAN172115-15,KXBTC15M-26JAN172115-15,no,buy,1,0.86,86,14,0.8600,0.1400,True,,2026-01-18T02:09:28.402711Z,1768702168
36aede5f-0409-60a8-2679-c29930947911,36aede5f-0409-60a8-2679-c29930947911,b6ef2267-dea2-4bdc-a933-370540413815,KXBTC15M-26JAN172115-15,KXBTC15M-26JAN172115-15,yes,buy,1,0.85,85,15,0.8500,0.1500,True,,2026-01-18T02:09:04.152008Z,1768702144
b458291b-3b6f-4549-9f2f-2e73bc25450c,b458291b-3b6f-4549-9f2f-2e73bc25450c,db099755-b1fe-436d-8c97-30a40d6a7bc8,KXBTC15M-26JAN172115-15,KXBTC15M-26JAN172115-15,yes,buy,1,0.83,83,17,0.8300,0.1700,True,,2026-01-18T02:08:18.25598Z,1768702098
f60c286a-d5be-66ea-598c-0d86157b88ab,f60c286a-d5be-66ea-598c-0d86157b88ab,d2fbaa5b-17ef-4872-bacc-069cbd706a9b,KXBTC15M-26JAN172115-15,KXBTC15M-26JAN172115-15,no,buy,1,0.8,80,20,0.8000,0.2000,True,,2026-01-18T02:07:55.473031Z,1768702075
cc0ef23e-4649-52ee-5ef6-e606584e7148,cc0ef23e-4649-52ee-5ef6-e606584e7148,3f99aaa1-8599-4424-bd7e-7b06274f4f5c,KXBTC15M-26JAN172115-15,KXBTC15M-26JAN172115-15,no,buy,1,0.77,77,23,0.7700,0.2300,True,,2026-01-18T02:07:26.580591Z,1768702046
40188497-738c-5730-c812-d874acee306e,40188497-738c-5730-c812-d874acee306e,766c1163-f95a-4530-92f0-e33c98f467a6,KXBTC15M-26JAN172115-15,KXBTC15M-26JAN172115-15,yes,buy,1,0.7,70,30,0.7000,0.3000,True,,2026-01-18T02:06:34.218898Z,1768701994
f4451edc-2fc3-62c4-a412-f8bc50665c93,f4451edc-2fc3-62c4-a412-f8bc50665c93,c40b0994-ad3b-4aca-89b8-5ab92c6b18d8,KXBTC15M-26JAN172115-15,KXBTC15M-26JAN172115-15,no,buy,1,0.77,77,23,0.7700,0.2300,True,,2026-01-18T02:04:00.989464Z,1768701840
895b99f0-6181-6feb-ee18-320458d9e006,895b99f0-6181-6feb-ee18-320458d9e006,b71ef7a2-37b3-4927-995b-25f97fc3f73f,KXBTC15M-26JAN172115-15,KXBTC15M-26JAN172115-15,no,buy,1,0.75,75,25,0.7500,0.2500,True,,2026-01-18T02:03:31.488906Z,1768701811
6b15a4f4-b277-57f2-f784-83e7db07c347,6b15a4f4-b277-57f2-f784-83e7db07c347,6f0d3240-01de-47ec-9064-dd9c3924fee1,KXBTC15M-26JAN172100-00,KXBTC15M-26JAN172100-00,no,buy,1,0.37,37,63,0.3700,0.6300,True,,2026-01-18T01:49:02.470353Z,1768700942
f8b57e49-e601-7b94-865d-ff0a52d758b0,f8b57e49-e601-7b94-865d-ff0a52d758b0,67874c37-5fc3-4e0a-879d-7070b6055435,KXBTC15M-26JAN172100-00,KXBTC15M-26JAN172100-00,no,buy,1,0.38,38,62,0.3800,0.6200,True,,2026-01-18T01:48:40.904714Z,1768700920
01805708-4131-6ed5-9d99-d9c10993bcd5,01805708-4131-6ed5-9d99-d9c10993bcd5,10955db8-8f49-4907-8105-b8f92ebaeab6,KXBTC15M-26JAN172100-00,KXBTC15M-26JAN172100-00,no,buy,1,0.41,41,59,0.4100,0.5900,True,,2026-01-18T01:47:31.046516Z,1768700851
2baae02b-ff14-75ba-eb02-541d6d20e428,2baae02b-ff14-75ba-eb02-541d6d20e428,a0a49e2e-a208-4c6f-9b6d-7a6bedf7b08c,KXBTC15M-26JAN172100-00,KXBTC15M-26JAN172100-00,no,buy,1,0.37,37,63,0.3700,0.6300,True,,2026-01-18T01:47:04.780967Z,1768700824
ab6a5ee8-6036-70f6-50d5-78a17fc5fd52,ab6a5ee8-6036-70f6-50d5-78a17fc5fd52,9018beba-aad8-4ca5-bd92-3608faaadac7,KXBTC15M-26JAN172100-00,KXBTC15M-26JAN172100-00,no,buy,1,0.38,38,62,0.3800,0.6200,True,,2026-01-18T01:46:55.252011Z,1768700815
4d6f3424-f8c6-44bb-4030-c8dd525adba4,4d6f3424-f8c6-44bb-4030-c8dd525adba4,fac82531-1cfe-407f-b1f0-905722866b5a,KXBTC15M-26JAN172100-00,KXBTC15M-26JAN172100-00,yes,buy,1,0.44,44,56,0.4400,0.5600,True,,2026-01-18T01:46:28.024617Z,1768700788
15e3c40c-11bd-6935-1c27-40259593757c,15e3c40c-11bd-6935-1c27-40259593757c,7173c5d8-1beb-4a72-a8b4-a2995925c781,KXBTC15M-26JAN172045-45,KXBTC15M-26JAN172045-45,no,buy,1,0.61,61,39,0.6100,0.3900,True,,2026-01-18T01:33:15.035758Z,1768699995
7df7422a-8def-652b-04e4-1acd394b1d82,7df7422a-8def-652b-04e4-1acd394b1d82,11343c0f-d47a-4ac5-a066-9c7040aa07d1,KXBTC15M-26JAN172045-45,KXBTC15M-26JAN172045-45,no,buy,1,0.77,77,23,0.7700,0.2300,True,,2026-01-18T01:32:40.322719Z,1768699960
74375608-4c1b-67e0-bf1b-b86f42b35b6e,74375608-4c1b-67e0-bf1b-b86f42b35b6e,9dd896e9-ccf1-4b9c-89ab-87a47e971846,KXBTC15M-26JAN172045-45,KXBTC15M-26JAN172045-45,no,buy,1,0.74,74,26,0.7400,0.2600,True,,2026-01-18T01:32:19.710063Z,1768699939
a8987587-9357-6291-bac5-4a5e91b4b9fd,a8987587-9357-6291-bac5-4a5e91b4b9fd,a24e3ad9-8e9f-4b18-8f3e-9240f1a46903,KXBTC15M-26JAN172045-45,KXBTC15M-26JAN172045-45,no,buy,1,0.65,65,35,0.6500,0.3500,True,,2026-01-18T01:31:48.791717Z,1768699908
3879f7f2-e74e-5c22-2db3-112136f70a5c,3879f7f2-e74e-5c22-2db3-112136f70a5c,cadc4d6d-c209-450e-aa98-19b18afd8b57,KXBTC15M-26JAN172030-30,KXBTC15M-26JAN172030-30,no,buy,1,0.71,71,29,0.7100,0.2900,True,,2026-01-18T01:20:45.193488Z,1768699245
4161a650-ee07-44c2-afe4-fe4b3c33c116,4161a650-ee07-44c2-afe4-fe4b3c33c116,e9070ac5-a655-4156-822d-a2eb4c488f59,KXBTC15M-26JAN172030-30,KXBTC15M-26JAN172030-30,no,buy,2,0.81,81,19,0.8100,0.1900,True,,2026-01-18T01:20:19.390276Z,1768699219
0b9632b2-5978-62cf-f435-aee33decaddc,0b9632b2-5978-62cf-f435-aee33decaddc,5a18df67-7c1f-4a8a-9e3c-2b9bb82172fb,KXBTC15M-26JAN172030-30,KXBTC15M-26JAN172030-30,no,buy,2,0.82,82,18,0.8200,0.1800,True,,2026-01-18T01:19:47.881565Z,1768699187
18581506-9099-4892-7952-3b74f5a97be2,18581506-9099-4892-7952-3b74f5a97be2,173aa351-a81a-43b0-b297-1b713cf10e53,KXBTC15M-26JAN172030-30,KXBTC15M-26JAN172030-30,no,buy,1,0.8,80,20,0.8000,0.2000,True,,2026-01-18T01:19:20.706732Z,1768699160
e474deb5-68da-6086-7e04-4a6eed1ceced,e474deb5-68da-6086-7e04-4a6eed1ceced,ef337c83-86ef-4a4b-b218-0700c646ec9e,KXBTC15M-26JAN172030-30,KXBTC15M-26JAN172030-30,no,buy,1,0.71,71,29,0.7100,0.2900,True,,2026-01-18T01:18:49.583901Z,1768699129
ccb68bd3-b290-5a6f-7884-329b9dcb357a,ccb68bd3-b290-5a6f-7884-329b9dcb357a,7ce927c8-31e2-4536-bad8-1ebbbec1cede,KXBTC15M-26JAN172015-15,KXBTC15M-26JAN172015-15,no,buy,1,0.52,52,48,0.5200,0.4800,True,,2026-01-18T01:01:11.956111Z,1768698071
66b9c637-2106-73ea-94b1-7ab2bf2905db,66b9c637-2106-73ea-94b1-7ab2bf2905db,fb66ab3c-0f67-4ecc-8233-d1a2170a59a1,KXBTC15M-26JAN172000-00,KXBTC15M-26JAN172000-00,no,buy,1,0.35,35,65,0.3500,0.6500,True,,2026-01-18T00:50:52.378871Z,1768697452
6774e4c0-03cd-5746-a4db-3b91a9e6cda2,6774e4c0-03cd-5746-a4db-3b91a9e6cda2,833bc42a-c5df-4561-8d36-7b2314f2a914,KXBTC15M-26JAN172000-00,KXBTC15M-26JAN172000-00,yes,buy,1,0.26,26,74,0.2600,0.7400,True,,2026-01-18T00:46:47.865887Z,1768697207
bf20e7d7-e91f-432e-e530-1fc89306903c,bf20e7d7-e91f-432e-e530-1fc89306903c,5fc77388-97f3-4169-997a-b5593da87ead,KXBTC15M-26JAN171945-45,KXBTC15M-26JAN171945-45,no,buy,1,0.31,31,69,0.3100,0.6900,True,,2026-01-18T00:39:24.192269Z,1768696764
38d2b72f-5eb7-5a07-2ab5-f0ae853e9aea,38d2b72f-5eb7-5a07-2ab5-f0ae853e9aea,4f578fbe-8170-44ea-a3d8-b315d3e8d154,KXBTC15M-26JAN171945-45,KXBTC15M-26JAN171945-45,no,buy,1,0.34,34,66,0.3400,0.6600,True,,2026-01-18T00:39:02.791581Z,1768696742
baf8a550-2fbc-5d55-0c07-2858c55b44e3,baf8a550-2fbc-5d55-0c07-2858c55b44e3,7e50b986-f6b5-45ab-a829-a049dedc255b,KXBTC15M-26JAN171945-45,KXBTC15M-26JAN171945-45,no,buy,1,0.32,32,68,0.3200,0.6800,True,,2026-01-18T00:38:35.372231Z,1768696715
18b360f1-d1ac-4fc5-2e84-accf3cba9d60,18b360f1-d1ac-4fc5-2e84-accf3cba9d60,bfbdbd23-b789-4186-a989-d21edcf01ca9,KXBTC15M-26JAN171945-45,KXBTC15M-26JAN171945-45,no,buy,1,0.36,36,64,0.3600,0.6400,True,,2026-01-18T00:38:07.390436Z,1768696687
3a2e3b35-de57-69b4-9c07-2d2fc0e23834,3a2e3b35-de57-69b4-9c07-2d2fc0e23834,9b1dfa6e-f888-4856-8811-627c76e960e2,KXBTC15M-26JAN171945-45,KXBTC15M-26JAN171945-45,no,buy,1,0.55,55,45,0.5500,0.4500,True,,2026-01-18T00:37:36.324552Z,1768696656
20783176-f42a-7acb-7f50-2ae897af8f95,20783176-f42a-7acb-7f50-2ae897af8f95,a362f0d9-5951-4e8c-b472-6198225963a8,KXBTC15M-26JAN171945-45,KXBTC15M-26JAN171945-45,no,buy,1,0.68,68,32,0.6800,0.3200,True,,2026-01-18T00:35:44.333424Z,1768696544
d5d5482c-375e-482f-9c15-068ee7c603a4,d5d5482c-375e-482f-9c15-068ee7c603a4,0e5dc3ce-d8f6-41c1-8419-5802b09d48ce,KXBTC15M-26JAN171945-45,KXBTC15M-26JAN171945-45,no,buy,1,0.61,61,39,0.6100,0.3900,True,,2026-01-18T00:35:18.519204Z,1768696518
fe030e41-91f3-59ae-8b7c-d9de66f71060,fe030e41-91f3-59ae-8b7c-d9de66f71060,9740c161-9d4a-4486-8c6a-53b4df04d371,KXBTC15M-26JAN171930-30,KXBTC15M-26JAN171930-30,yes,buy,3,0.87,87,13,0.8700,0.1300,True,,2026-01-18T00:28:07.509937Z,1768696087
cf4f8dd3-fb37-5ebd-d471-371955c5568b,cf4f8dd3-fb37-5ebd-d471-371955c5568b,4536675f-7b48-4547-99e9-fcc56fe59eb3,KXBTC15M-26JAN171930-30,KXBTC15M-26JAN171930-30,no,buy,1,0.72,72,28,0.7200,0.2800,True,,2026-01-18T00:21:30.566908Z,1768695690
25b2b503-733d-76c5-e28e-340ef0f835b4,25b2b503-733d-76c5-e28e-340ef0f835b4,2b80bd48-449b-4dcb-9b13-193887effb3e,KXBTC15M-26JAN171930-30,KXBTC15M-26JAN171930-30,no,buy,1,0.79,79,21,0.7900,0.2100,True,,2026-01-18T00:21:07.23481Z,1768695667
2bc0f541-1993-510b-5246-7f2fe52668d8,2bc0f541-1993-510b-5246-7f2fe52668d8,19356eb7-3301-4774-bb5e-e4903e0037ad,KXBTC15M-26JAN171930-30,KXBTC15M-26JAN171930-30,no,buy,1,0.79,79,21,0.7900,0.2100,True,,2026-01-18T00:20:46.317343Z,1768695646
b904df9b-c221-5577-a7f9-e2ec3b4ac5e9,b904df9b-c221-5577-a7f9-e2ec3b4ac5e9,d3e878f9-6708-454f-8285-3ed9fb359019,KXBTC15M-26JAN171930-30,KXBTC15M-26JAN171930-30,no,buy,1,0.69,69,31,0.6900,0.3100,True,,2026-01-18T00:19:26.979611Z,1768695566
843494cc-b285-745f-83ac-f348ad53edb9,843494cc-b285-745f-83ac-f348ad53edb9,e6e68667-6224-4e66-8ded-afde69bb3205,KXBTC15M-26JAN171930-30,KXBTC15M-26JAN171930-30,no,buy,1,0.67,67,33,0.6700,0.3300,True,,2026-01-18T00:18:51.175041Z,1768695531
0e3ff881-5cb8-609e-e857-8d11a534046f,0e3ff881-5cb8-609e-e857-8d11a534046f,49de09da-5727-4afb-91ca-af637025e8c3,KXBTC15M-26JAN171930-30,KXBTC15M-26JAN171930-30,no,buy,1,0.72,72,28,0.7200,0.2800,True,,2026-01-18T00:17:57.29248Z,1768695477
92635c6a-b353-5a1d-6e06-74046ed064e7,92635c6a-b353-5a1d-6e06-74046ed064e7,b02525ac-f7d3-4748-bc50-4ad9654ee300,KXBTC15M-26JAN171930-30,KXBTC15M-26JAN171930-30,no,buy,1,0.73,73,27,0.7300,0.2700,True,,2026-01-18T00:17:31.774834Z,1768695451
88d261b4-fc02-7b4f-1f01-9343c0c931b5,88d261b4-fc02-7b4f-1f01-9343c0c931b5,a013bc69-8077-4dd2-a3d6-b68261172e07,KXBTC15M-26JAN171915-15,KXBTC15M-26JAN171915-15,yes,buy,3,0.98,98,2,0.9800,0.0200,True,,2026-01-18T00:13:15.675815Z,1768695195
0af6a160-6836-6edb-1868-efb2615eb5e2,0af6a160-6836-6edb-1868-efb2615eb5e2,f653c790-0635-4a21-afe8-4e5ec85aa46d,KXBTC15M-26JAN171915-15,KXBTC15M-26JAN171915-15,no,buy,1,0.66,66,34,0.6600,0.3400,True,,2026-01-18T00:08:51.297079Z,1768694931
b1729f3a-f076-6bbf-2278-1959262e0cda,b1729f3a-f076-6bbf-2278-1959262e0cda,98b2c806-a025-4b78-a16c-73e419868a23,KXBTC15M-26JAN171915-15,KXBTC15M-26JAN171915-15,no,buy,1,0.64,64,36,0.6400,0.3600,True,,2026-01-18T00:08:29.556102Z,1768694909
389ba551-9fa9-53a8-b6cc-aca75c2037a8,389ba551-9fa9-53a8-b6cc-aca75c2037a8,7eac70dc-d1d4-44f5-8854-e6b937b9ceda,KXBTC15M-26JAN171915-15,KXBTC15M-26JAN171915-15,no,buy,1,0.62,62,38,0.6200,0.3800,True,,2026-01-18T00:08:01.258694Z,1768694881
ba4eb41a-ac8b-5570-ad25-cdb43bbc3682,ba4eb41a-ac8b-5570-ad25-cdb43bbc3682,931c2c5e-3b87-463c-88b1-e0edecc8175d,KXBTC15M-26JAN171915-15,KXBTC15M-26JAN171915-15,no,buy,1,0.37,37,63,0.3700,0.6300,True,,2026-01-18T00:03:20.346752Z,1768694600
26cfbe3c-05c8-5c69-b8f6-cf0ef6ddab50,26cfbe3c-05c8-5c69-b8f6-cf0ef6ddab50,33f0bce7-989c-45c3-8f5d-d806b2dfca24,KXBTC15M-26JAN171915-15,KXBTC15M-26JAN171915-15,no,buy,1,0.38,38,62,0.3800,0.6200,True,,2026-01-18T00:02:17.452305Z,1768694537
40b5b494-0d12-653f-e4f6-6f8fd2f3c468,40b5b494-0d12-653f-e4f6-6f8fd2f3c468,334ee0b9-f81c-4afe-96a3-01eb024f40df,KXBTC15M-26JAN171915-15,KXBTC15M-26JAN171915-15,no,buy,1,0.46,46,54,0.4600,0.5400,True,,2026-01-18T00:01:27.906376Z,1768694487
bd3c0a5e-5dfe-4d05-02fd-bbf494452795,bd3c0a5e-5dfe-4d05-02fd-bbf494452795,bd11d9e4-64e7-410f-a609-9137c35b00d0,KXBTC15M-26JAN171915-15,KXBTC15M-26JAN171915-15,no,buy,1,0.41,41,59,0.4100,0.5900,True,,2026-01-18T00:01:02.028223Z,1768694462
dd8095db-99f0-5af2-a398-e8c8b96fb40f,dd8095db-99f0-5af2-a398-e8c8b96fb40f,d1cbd523-9ecd-441b-8686-5f7e8141f7c8,KXBTC15M-26JAN171900-00,KXBTC15M-26JAN171900-00,no,buy,1,0.46,46,54,0.4600,0.5400,True,,2026-01-17T23:51:29.133203Z,1768693889
7e771e63-bca7-498b-5de3-f22674348375,7e771e63-bca7-498b-5de3-f22674348375,01e4f312-d276-4351-bb86-f0e510302fd6,KXBTC15M-26JAN171900-00,KXBTC15M-26JAN171900-00,no,buy,1,0.46,46,54,0.4600,0.5400,True,,2026-01-17T23:51:04.696503Z,1768693864
26b33bdb-983a-6c1d-e069-ace70cc0e222,26b33bdb-983a-6c1d-e069-ace70cc0e222,aab3970a-7f97-4b96-9138-bad34b4a9ac4,KXBTC15M-26JAN171900-00,KXBTC15M-26JAN171900-00,no,buy,1,0.36,36,64,0.3600,0.6400,True,,2026-01-17T23:50:19.822108Z,1768693819
2e07bbfa-2994-5764-fdb8-b22a413cdcb5,2e07bbfa-2994-5764-fdb8-b22a413cdcb5,53817fe2-9d15-4492-9e27-b859a6af7265,KXBTC15M-26JAN171900-00,KXBTC15M-26JAN171900-00,no,buy,1,0.39,39,61,0.3900,0.6100,True,,2026-01-17T23:48:54.721292Z,1768693734
1c9423d4-1899-67db-71d2-103f7d093e32,1c9423d4-1899-67db-71d2-103f7d093e32,a3bdcc14-9cf2-4bcd-bf48-935ed77a07a4,KXBTC15M-26JAN171900-00,KXBTC15M-26JAN171900-00,no,buy,1,0.41,41,59,0.4100,0.5900,True,,2026-01-17T23:48:24.744635Z,1768693704
32fb7a1b-ab00-7701-d78d-db7c4a36dc75,32fb7a1b-ab00-7701-d78d-db7c4a36dc75,89ebebf5-d846-4e43-991f-e98c9ff8a104,KXBTC15M-26JAN171900-00,KXBTC15M-26JAN171900-00,no,buy,1,0.4,40,60,0.4000,0.6000,True,,2026-01-17T23:48:04.725687Z,1768693684
584ab1ac-0fe0-6d13-00f5-45f2359fa08f,584ab1ac-0fe0-6d13-00f5-45f2359fa08f,48cadae5-d2d7-49c9-acd3-37e68363818d,KXBTC15M-26JAN171900-00,KXBTC15M-26JAN171900-00,no,buy,1,0.45,45,55,0.4500,0.5500,True,,2026-01-17T23:46:02.057515Z,1768693562
982a74dd-3ab1-7843-4084-53d500395d42,982a74dd-3ab1-7843-4084-53d500395d42,4c16142f-774c-4fa4-ba69-b65fabcf7c8a,KXBTC15M-26JAN171845-45,KXBTC15M-26JAN171845-45,yes,buy,3,0.94,94,6,0.9400,0.0600,True,,2026-01-17T23:43:37.823063Z,1768693417
c27f797b-fa57-7e13-dba7-68c09e930555,c27f797b-fa57-7e13-dba7-68c09e930555,18ddd749-0601-4f99-938f-f40a92222f9f,KXBTC15M-26JAN171845-45,KXBTC15M-26JAN171845-45,no,buy,1,0.34,34,66,0.3400,0.6600,True,,2026-01-17T23:40:08.713254Z,1768693208
001622a1-06ba-5cf2-4ac8-5c96061a03a7,001622a1-06ba-5cf2-4ac8-5c96061a03a7,12820ecb-d192-472b-be23-7533a8048234,KXBTC15M-26JAN171845-45,KXBTC15M-26JAN171845-45,no,buy,1,0.8,80,20,0.8000,0.2000,True,,2026-01-17T23:38:40.151993Z,1768693120
2ba59b42-0037-710d-01f5-1f4c68cf6799,2ba59b42-0037-710d-01f5-1f4c68cf6799,89a8d0a9-f937-4d03-a9b2-6b76c6f1dbec,KXBTC15M-26JAN171845-45,KXBTC15M-26JAN171845-45,no,buy,1,0.75,75,25,0.7500,0.2500,True,,2026-01-17T23:38:13.473488Z,1768693093
512707f6-2e81-70b5-6898-4c8cb5159b38,512707f6-2e81-70b5-6898-4c8cb5159b38,842af9a7-f896-4ec4-b7d9-b50bac21b74b,KXBTC15M-26JAN171845-45,KXBTC15M-26JAN171845-45,no,buy,1,0.64,64,36,0.6400,0.3600,True,,2026-01-17T23:35:23.936969Z,1768692923
e02d3c1d-8d30-7fb0-d412-8efea397a9ae,e02d3c1d-8d30-7fb0-d412-8efea397a9ae,077353cb-1838-4f39-9390-a19ea7a1ee66,KXBTC15M-26JAN171845-45,KXBTC15M-26JAN171845-45,no,buy,1,0.7,70,30,0.7000,0.3000,True,,2026-01-17T23:34:30.880049Z,1768692870
2a28ba48-e346-5260-0f49-1a0e55421c43,2a28ba48-e346-5260-0f49-1a0e55421c43,e02d2fb0-d5b6-4405-a279-45e02e1e5bf9,KXBTC15M-26JAN171845-45,KXBTC15M-26JAN171845-45,no,buy,1,0.77,77,23,0.7700,0.2300,True,,2026-01-17T23:34:04.381066Z,1768692844
03d9da33-2b70-4c6c-37a0-1d167f0ee551,03d9da33-2b70-4c6c-37a0-1d167f0ee551,e727c8f5-b755-4185-afab-378805cc50ea,KXBTC15M-26JAN171845-45,KXBTC15M-26JAN171845-45,no,buy,1,0.68,68,32,0.6800,0.3200,True,,2026-01-17T23:33:38.570258Z,1768692818
fab05fbf-b4e2-4878-c621-9c53664fe523,fab05fbf-b4e2-4878-c621-9c53664fe523,1de20808-8481-4038-9a14-ef3145a06f90,KXBTC15M-26JAN171830-30,KXBTC15M-26JAN171830-30,no,buy,1,0.32,32,68,0.3200,0.6800,True,,2026-01-17T23:20:21.615703Z,1768692021
1a73ea40-c6d6-4dbc-659c-95134ec7c673,1a73ea40-c6d6-4dbc-659c-95134ec7c673,0e58ad46-e21e-402e-b8a9-6433dc8f2801,KXBTC15M-26JAN171830-30,KXBTC15M-26JAN171830-30,no,buy,1,0.44,44,56,0.4400,0.5600,True,,2026-01-17T23:19:53.457578Z,1768691993
e6929b6f-65df-6ddf-e476-ec1ee598bfb6,e6929b6f-65df-6ddf-e476-ec1ee598bfb6,a0d63a00-1482-4971-9dca-b39d72b9efb7,KXBTC15M-26JAN171830-30,KXBTC15M-26JAN171830-30,no,buy,1,0.46,46,54,0.4600,0.5400,True,,2026-01-17T23:19:33.440075Z,1768691973
d87dc696-01e5-58b7-e7d5-bfe89f12e31a,d87dc696-01e5-58b7-e7d5-bfe89f12e31a,f5627051-b05d-442b-9c15-f2ae26df0963,KXBTC15M-26JAN171830-30,KXBTC15M-26JAN171830-30,no,buy,1,0.45,45,55,0.4500,0.5500,True,,2026-01-17T23:19:07.949673Z,1768691947
0a347aa7-52c9-7ed7-f2c6-5856dc97df2d,0a347aa7-52c9-7ed7-f2c6-5856dc97df2d,9a61ef58-0c77-4e28-9604-9a1cd493a93f,KXBTC15M-26JAN171830-30,KXBTC15M-26JAN171830-30,no,buy,1,0.44,44,56,0.4400,0.5600,True,,2026-01-17T23:18:47.880716Z,1768691927
adefb0d9-74ae-6926-7c05-0f3feec7ab41,adefb0d9-74ae-6926-7c05-0f3feec7ab41,bb186660-34be-4953-b84e-621cda42bf85,KXBTC15M-26JAN171830-30,KXBTC15M-26JAN171830-30,no,buy,1,0.4,40,60,0.4000,0.6000,True,,2026-01-17T23:18:21.015704Z,1768691901
85b34843-78c5-485d-d878-3a3c2a71cd04,85b34843-78c5-485d-d878-3a3c2a71cd04,eb55708d-4c3e-4220-9b05-beb188cf9eab,KXBTC15M-26JAN171830-30,KXBTC15M-26JAN171830-30,no,buy,1,0.41,41,59,0.4100,0.5900,True,,2026-01-17T23:18:00.519526Z,1768691880
79387a61-3522-6268-6dc5-b18562952bd2,79387a61-3522-6268-6dc5-b18562952bd2,2edd7edb-761d-4bbe-b8ed-54a3515c5eae,KXBTC15M-26JAN171815-15,KXBTC15M-26JAN171815-15,yes,buy,1,0.96,96,4,0.9600,0.0400,True,,2026-01-17T23:13:56.897322Z,1768691636
e385cb47-eaba-74f3-859e-0c3540aa0afe,e385cb47-eaba-74f3-859e-0c3540aa0afe,19700486-c984-4c0b-81ab-efd8b196b3f8,KXBTC15M-26JAN171815-15,KXBTC15M-26JAN171815-15,yes,buy,4,0.92,92,8,0.9200,0.0800,True,,2026-01-17T23:13:28.772055Z,1768691608
c93e636a-33d4-5944-5fd0-1191b260f528,c93e636a-33d4-5944-5fd0-1191b260f528,290d948f-cfee-47cc-bad1-60b30f9c2f31,KXBTC15M-26JAN171815-15,KXBTC15M-26JAN171815-15,yes,buy,2,0.91,91,9,0.9100,0.0900,True,,2026-01-17T23:13:04.000242Z,1768691584
e14e03d5-9860-72ad-3a46-4d02421725ea,e14e03d5-9860-72ad-3a46-4d02421725ea,9d7ea7ef-1ca1-4f22-a01f-610a7bd6ec8f,KXBTC15M-26JAN171815-15,KXBTC15M-26JAN171815-15,no,buy,1,0.35,35,65,0.3500,0.6500,True,,2026-01-17T23:05:21.266367Z,1768691121
0ad655fe-099b-7bfd-3d26-d243f964a35d,0ad655fe-099b-7bfd-3d26-d243f964a35d,a9721db9-2df0-4d0b-aeb5-530687cbb7d0,KXBTC15M-26JAN171815-15,KXBTC15M-26JAN171815-15,no,buy,1,0.56,56,44,0.5600,0.4400,True,,2026-01-17T23:04:34.177585Z,1768691074
563a48aa-57cc-70e7-14bd-f07a7eb70299,563a48aa-57cc-70e7-14bd-f07a7eb70299,591fc3cb-b923-4d4a-a2ce-342d3b3d6cb5,KXBTC15M-26JAN171815-15,KXBTC15M-26JAN171815-15,no,buy,1,0.45,45,55,0.4500,0.5500,True,,2026-01-17T23:03:42.399733Z,1768691022
f05f5fc5-b878-6974-c4fc-5483fb048c61,f05f5fc5-b878-6974-c4fc-5483fb048c61,bf2c3e5a-d945-49e0-95c8-041b519abd33,KXBTC15M-26JAN171815-15,KXBTC15M-26JAN171815-15,no,buy,1,0.49,49,51,0.4900,0.5100,True,,2026-01-17T23:03:18.634463Z,1768690998
c7ef4af4-413e-6dbb-649b-ecce3c3b2cce,c7ef4af4-413e-6dbb-649b-ecce3c3b2cce,4682b98f-b1d9-4a2f-b460-b4747496e54c,KXBTC15M-26JAN171815-15,KXBTC15M-26JAN171815-15,no,buy,1,0.55,55,45,0.5500,0.4500,True,,2026-01-17T23:02:40.295677Z,1768690960
e67d421a-704f-7774-af00-6ad4ba79e0b3,e67d421a-704f-7774-af00-6ad4ba79e0b3,0402ddab-f55c-4c81-801d-aaaf6d2af5d2,KXBTC15M-26JAN171815-15,KXBTC15M-26JAN171815-15,no,buy,1,0.55,55,45,0.5500,0.4500,True,,2026-01-17T23:02:08.797413Z,1768690928
245af763-c6e9-4a17-4ec0-b8bccdd9cbeb,245af763-c6e9-4a17-4ec0-b8bccdd9cbeb,4923a5ab-b8fc-4092-bdbf-0fc72041aea4,KXBTC15M-26JAN171815-15,KXBTC15M-26JAN171815-15,no,buy,1,0.55,55,45,0.5500,0.4500,True,,2026-01-17T23:01:37.639113Z,1768690897
632e4fc8-3bed-7dda-7591-64f8410a3f13,632e4fc8-3bed-7dda-7591-64f8410a3f13,73683ee4-ddf0-4de9-b5d9-9328e4e68f55,KXBTC15M-26JAN171800-00,KXBTC15M-26JAN171800-00,yes,buy,1,0.35,35,65,0.3500,0.6500,True,,2026-01-17T22:55:11.880438Z,1768690511
de44032f-c39b-7d37-d493-5c9f3dce63ed,de44032f-c39b-7d37-d493-5c9f3dce63ed,6e1bb962-90fe-4e02-9bb5-b089f553de03,KXBTC15M-26JAN171800-00,KXBTC15M-26JAN171800-00,yes,buy,1,0.2,20,80,0.2000,0.8000,True,,2026-01-17T22:48:19.85017Z,1768690099
de21c593-b1ca-63f9-1c0c-48054c82e42b,de21c593-b1ca-63f9-1c0c-48054c82e42b,764433cd-58f3-4982-a97e-d7a03fe99a00,KXBTC15M-26JAN171745-45,KXBTC15M-26JAN171745-45,no,buy,2,0.1,10,90,0.1000,0.9000,True,,2026-01-17T22:43:55.472461Z,1768689835
8cd6dc55-19fa-6188-5e8c-b6008e51edca,8cd6dc55-19fa-6188-5e8c-b6008e51edca,f698253b-b0fe-4901-bd69-33250a421e0a,KXBTC15M-26JAN171745-45,KXBTC15M-26JAN171745-45,no,buy,1,0.1,10,90,0.1000,0.9000,True,,2026-01-17T22:43:06.755581Z,1768689786
c5da51ab-2049-70fc-1898-e0b60b9ccb2e,c5da51ab-2049-70fc-1898-e0b60b9ccb2e,3a0d3847-f2f7-4ea2-ac8a-c792fe257629,KXBTC15M-26JAN171730-30,KXBTC15M-26JAN171730-30,no,buy,1,0.4,40,60,0.4000,0.6000,True,,2026-01-17T22:26:38.306565Z,1768688798
b815f9d7-9ffa-590d-5b84-926797672807,b815f9d7-9ffa-590d-5b84-926797672807,c19748c1-606b-45bd-bfc9-e006bda9bf84,KXBTC15M-26JAN171730-30,KXBTC15M-26JAN171730-30,no,buy,1,0.41,41,59,0.4100,0.5900,True,,2026-01-17T22:26:15.767106Z,1768688775
8393365d-51a1-6c22-d2c7-b9d528c296e8,8393365d-51a1-6c22-d2c7-b9d528c296e8,4f8b918f-501c-4b57-9ba7-42085f236c0c,KXBTC15M-26JAN171730-30,KXBTC15M-26JAN171730-30,no,buy,1,0.53,53,47,0.5300,0.4700,True,,2026-01-17T22:25:21.905673Z,1768688721
225bc914-440e-58fb-dd8f-dd15d9f464b5,225bc914-440e-58fb-dd8f-dd15d9f464b5,90c964e1-f681-4467-9de3-389a2a020d2c,KXBTC15M-26JAN171730-30,KXBTC15M-26JAN171730-30,no,buy,1,0.49,49,51,0.4900,0.5100,True,,2026-01-17T22:24:54.5346Z,1768688694
5583fa24-cd36-5853-62ee-773ef6f3cfd1,5583fa24-cd36-5853-62ee-773ef6f3cfd1,4d3f682d-d4cf-444d-b23b-5210e1c3e7f5,KXBTC15M-26JAN171730-30,KXBTC15M-26JAN171730-30,no,buy,1,0.49,49,51,0.4900,0.5100,True,,2026-01-17T22:24:54.373181Z,1768688694
4c515ce0-35b7-56a3-3240-a7f38ff83df2,4c515ce0-35b7-56a3-3240-a7f38ff83df2,fd1874ca-0e75-4484-acac-aca2d35a6709,KXBTC15M-26JAN171730-30,KXBTC15M-26JAN171730-30,yes,buy,1,0.6,60,40,0.6000,0.4000,True,,2026-01-17T22:16:32.320633Z,1768688192
10f819b7-d7b5-5377-c789-0b153cca995a,10f819b7-d7b5-5377-c789-0b153cca995a,fc4c489e-7a12-4447-978a-39e38f430362,KXBTC15M-26JAN171700-00,KXBTC15M-26JAN171700-00,yes,buy,1,0.93,93,7,0.9300,0.0700,True,,2026-01-17T21:59:07.532383Z,1768687147
9dd5d7e3-d7b4-6aca-2298-22826c1094e0,9dd5d7e3-d7b4-6aca-2298-22826c1094e0,d35afd93-9c99-49d3-a005-fdd7437d81ac,KXBTC15M-26JAN171700-00,KXBTC15M-26JAN171700-00,yes,sell,6,0.82,82,18,0.8200,0.1800,True,,2026-01-17T21:58:52.309845Z,1768687132
7c72e6b1-5055-66d8-1894-080e82b0c9d7,7c72e6b1-5055-66d8-1894-080e82b0c9d7,d35afd93-9c99-49d3-a005-fdd7437d81ac,KXBTC15M-26JAN171700-00,KXBTC15M-26JAN171700-00,yes,sell,1,0.81,81,19,0.8100,0.1900,True,,2026-01-17T21:58:52.309845Z,1768687132
24ef48f7-24ed-797b-bc1c-faa25e67485d,24ef48f7-24ed-797b-bc1c-faa25e67485d,8a40e737-c598-4ebd-8c58-0d63b69ad021,KXBTC15M-26JAN171700-00,KXBTC15M-26JAN171700-00,no,buy,1,0.45,45,55,0.4500,0.5500,True,,2026-01-17T21:53:00.274965Z,1768686780
a7c332d5-ef7d-6ab7-a4de-8569d5d203b9,a7c332d5-ef7d-6ab7-a4de-8569d5d203b9,2a8bf9bf-777c-4a4e-8a68-9291547782d8,KXBTC15M-26JAN171700-00,KXBTC15M-26JAN171700-00,no,buy,1,0.45,45,55,0.4500,0.5500,True,,2026-01-17T21:52:35.138178Z,1768686755
79b8b4f1-f145-547d-3f55-cdb5decaac51,79b8b4f1-f145-547d-3f55-cdb5decaac51,cab66b9d-77a2-4446-a9c8-59e0ac7c8fa1,KXBTC15M-26JAN171700-00,KXBTC15M-26JAN171700-00,no,buy,1,0.45,45,55,0.4500,0.5500,True,,2026-01-17T21:52:05.407402Z,1768686725
691575e7-9f5f-5b0e-9183-02ec0e21e59d,691575e7-9f5f-5b0e-9183-02ec0e21e59d,d55ba028-7937-44e7-8278-5ad07194fdb9,KXBTC15M-26JAN171700-00,KXBTC15M-26JAN171700-00,no,buy,1,0.47,47,53,0.4700,0.5300,True,,2026-01-17T21:51:38.023624Z,1768686698
9ecd8c6f-ab72-7a4f-dd64-e32c09f31fa6,9ecd8c6f-ab72-7a4f-dd64-e32c09f31fa6,068f62e9-1b7f-4edb-940f-33e63236b14c,KXBTC15M-26JAN171700-00,KXBTC15M-26JAN171700-00,no,buy,1,0.64,64,36,0.6400,0.3600,True,,2026-01-17T21:50:12.778378Z,1768686612
948002cf-b954-7ccc-7e46-6a8c0131abaf,948002cf-b954-7ccc-7e46-6a8c0131abaf,47a96aa2-741f-4c13-bea0-97d840d3436f,KXBTC15M-26JAN171700-00,KXBTC15M-26JAN171700-00,no,buy,1,0.65,65,35,0.6500,0.3500,True,,2026-01-17T21:49:51.457133Z,1768686591
29a78e3d-994a-4ff2-abb3-76e2859970a7,29a78e3d-994a-4ff2-abb3-76e2859970a7,d8ec0feb-717c-40c6-83a7-f95513ecb4cb,KXBTC15M-26JAN171700-00,KXBTC15M-26JAN171700-00,no,buy,1,0.64,64,36,0.6400,0.3600,True,,2026-01-17T21:49:23.034737Z,1768686563
d4c6a486-b6e2-6ee3-e0bd-e01b88fb83dc,d4c6a486-b6e2-6ee3-e0bd-e01b88fb83dc,ab94e2e0-53e6-49d1-9630-fdffa884ee07,KXBTC15M-26JAN171645-45,KXBTC15M-26JAN171645-45,yes,buy,1,0.27,27,73,0.2700,0.7300,True,,2026-01-17T21:37:37.594751Z,1768685857
fb30c091-3223-4f2c-57a3-d92901d420de,fb30c091-3223-4f2c-57a3-d92901d420de,735e1e3d-ecad-4128-b2bc-af1b5e7c3c01,KXBTC15M-26JAN171645-45,KXBTC15M-26JAN171645-45,yes,buy,1,0.29,29,71,0.2900,0.7100,True,,2026-01-17T21:37:16.458193Z,1768685836
96feac5e-410b-4728-e835-e7df23065313,96feac5e-410b-4728-e835-e7df23065313,7c378903-4dee-4334-94f7-7436d1dbc89d,KXBTC15M-26JAN171645-45,KXBTC15M-26JAN171645-45,yes,buy,1,0.25,25,75,0.2500,0.7500,True,,2026-01-17T21:36:55.201368Z,1768685815
bc47ae6d-43fe-505d-baea-cb8819d5ef04,bc47ae6d-43fe-505d-baea-cb8819d5ef04,8155cb2b-c38c-461e-8994-676c3299edd3,KXBTC15M-26JAN171645-45,KXBTC15M-26JAN171645-45,yes,buy,1,0.24,24,76,0.2400,0.7600,True,,2026-01-17T21:36:27.933557Z,1768685787
60ef6e75-318d-59a6-c524-0efaeeaea108,60ef6e75-318d-59a6-c524-0efaeeaea108,53fb7bfd-1939-4572-9c34-e56d3962c2dc,KXBTC15M-26JAN171645-45,KXBTC15M-26JAN171645-45,yes,buy,1,0.2,20,80,0.2000,0.8000,True,,2026-01-17T21:36:01.003225Z,1768685761
08ba35e8-4bb7-7f3e-73f8-3ad318c2eb17,08ba35e8-4bb7-7f3e-73f8-3ad318c2eb17,c4b5d44e-cd8d-4fdf-b7ac-3fbbc76fdebb,KXBTC15M-26JAN171645-45,KXBTC15M-26JAN171645-45,yes,buy,1,0.22,22,78,0.2200,0.7800,True,,2026-01-17T21:35:08.675974Z,1768685708
48cca0a1-7b2d-66d3-a73f-986c0204ca0d,48cca0a1-7b2d-66d3-a73f-986c0204ca0d,d579a940-e9c5-49c8-898d-e49af7158c21,KXBTC15M-26JAN171645-45,KXBTC15M-26JAN171645-45,yes,buy,1,0.24,24,76,0.2400,0.7600,True,,2026-01-17T21:34:35.333012Z,1768685675
